2836 4822
402 336 552 391 Exaruerou
571 339 584 392 1
603 339 628 394 2,
648 341 673 401 3,
693 341 763 393 l—tl
801 340 825 406 (Ι
844 343 861 394 4
880 342 955 394 3-5
976 341 1019 407 Β).
1158 315 1161 320 -
1270 346 1288 408 7

148 530 405 608 dissoluerentur‚
429 532 493 596 nisi
525 533 557 596 in
590 534 640 596 sui
674 533 894 617 gubernatoris
927 535 1034 600 diuina
1067 537 1187 602 uirtute
1220 556 1291 601 con

149 640 274 702 starent.
298 657 354 702 nec
376 638 523 703 inmerito
548 640 789 722 gubernatorem
814 641 960 706 nesciunt
983 642 1115 724 quinon
1135 648 1292 708 nonerunt

149 744 249 822 deum,
274 764 449 828 perquem
481 747 587 808 omnia
619 750 771 831 reguntur
800 750 831 811 et
863 748 1089 831 gubernantur.
1122 769 1292 832 sequamur

149 870 220 935 ergo
245 870 318 915 cum
343 851 397 933 qui
422 856 454 917 ct
487 855 649 918 auctorem
683 854 773 918 nouit
796 858 828 917 et
850 855 1092 938 gubernatorem
1118 874 1175 921 nec
1199 858 1291 922 uanis

122 957 339 1022 subducamur
362 958 574 1040 opinionibus.

59 1049 110 1132 3,ss
189 1065 228 1128 In
262 1065 452 1148 principio
485 1066 599 1148 inquit.
633 1087 728 1151 quam
752 1067 852 1131 bonus
878 1068 964 1145 ordo,
988 1069 1128 1134 utillud
1151 1070 1331 1152 primuml]

149 1171 308 1237 adsereret
331 1173 414 1254 quod
439 1192 553 1256 negare
576 1177 771 1238 consuerunt
793 1177 825 1238 et
848 1180 1076 1258 cognoscerent
1101 1176 1290 1259 principium

149 1298 216 1343 esse
239 1279 361 1357 mundi,
386 1300 423 1345 ue
446 1281 515 1344 sinc
538 1280 694 1363 principio
714 1280 869 1344 mundum
889 1298 958 1346 esse
978 1283 1121 1347 homines
1141 1283 1292 1347 arbitren-

148 1387 205 1450 tur.
230 1386 314 1451 unde
337 1389 371 1450 et
394 1387 507 1464 Dauid,
534 1406 606 1452 oum
631 1387 668 1451 de
692 1387 779 1452 caelo
800 1391 832 1452 et
851 1391 933 1452 terra
952 1392 983 1452 et
1002 1390 1079 1453 mari
1097 1390 1291 1472 loqueretur,
1311 1396 1331 1449 l*

112 1509 132 1544 1⁰
149 1493 204 1557 ait:
239 1493 361 1557 omnia
394 1493 429 1556 in
468 1492 659 1575 sapientia
691 1493 832 1559 fecisti.
867 1495 955 1559 dedit
987 1515 1061 1579 ergo
1100 1496 1290 1579 principium

149 1601 275 1677 munde,
309 1599 397 1664 dedit
429 1600 525 1664 etiam
558 1603 719 1665 creaturae
751 1600 980 1679 infirmitatem,
1013 1620 1051 1664 ne
1079 1597 1224 1686 ἄναρχον,
1253 1620 1291 1664 ne

147 1707 320 1772 increatum
354 1710 385 1770 et
418 1707 543 1772 diuinae
577 1711 756 1772 consortem
789 1707 985 1772 substantiae
1018 1706 1225 1773 crederemus.
1261 1710 1292 1770 et

149 1816 279 1896 pulchre
299 1814 422 1879 addidit
440 1814 542 1891 fecit,
563 1834 601 1878 ne
622 1834 708 1878 mora
728 1815 757 1878 in
779 1813 922 1879 faciendo
940 1813 1041 1879 fuisse
1061 1814 1292 1889 aestimaretur,

150 1927 184 1987 ut
203 1924 256 1987 uel
275 1923 321 1987 sic
339 1923 564 2007 intellegerent
587 1922 730 1986 homines
755 1941 849 2003 quam
874 1921 1129 2003 incomparabilis
1149 1925 1295 2004 operator

116 2048 134 2083 o
151 2032 243 2109 esset,
269 2030 323 2112 qui
347 2032 470 2095 tantum
495 2047 574 2110 opus
598 2028 688 2093 breui
712 2029 889 2112 exiguoque
908 2031 1068 2093 momento
1089 2047 1165 2092 suae
1185 2047 1291 2110 opera·
1311 2037 1369 2090 aa

150 2137 243 2201 tionis
282 2136 472 2211 absolueret,
511 2138 549 2198 ut
585 2135 761 2200 uoluntatis
799 2136 931 2201 effectus
972 2155 1100 2200 sensum
1142 2136 1293 2217 temporis

150 2243 355 2326 praeueniret.
380 2261 472 2306 nemo
497 2246 677 2324 operantem
702 2241 794 2316 uidit,
820 2242 876 2306 sed
895 2243 1026 2326 agnouit
1045 2245 1218 2325 operatum.
1238 2241 1292 2305 ubi

151 2350 466 2433 igitur·mora,ou1n
498 2348 601 2432 legas:
635 2349 721 2429 quia
754 2349 833 2432 ipse
867 2348 962 2412 dixit
995 2354 1030 2413 ct
1063 2349 1163 2412 facta
1196 2350 1292 2412 sunt.

151 2457 229 2538 ipse
253 2455 447 2520 mandauit
471 2458 507 2519 et
531 2458 656 2519 creata
681 2457 793 2519 sunt?
816 2475 873 2519 neo
897 2455 973 2519 artis
997 2455 1095 2538 igitur
1118 2473 1212 2518 usum
1237 2473 1293 2518 ne(-

114 2563 279 2626 ²0uirtutis
319 2562 445 2645 expedit
481 2561 535 2643 qui
569 2564 729 2626 momento
769 2581 844 2625 suae
882 2561 1056 2625 uoluntatis
1093 2561 1292 2624 maiestatem

151 2673 254 2734 tautae
280 2669 470 2752 operationis
494 2668 639 2751 inpleuit
664 2671 700 2732 ut
725 2687 761 2731 ea
785 2687 864 2750 quae
888 2686 948 2731 non
974 2672 1061 2731 erant
1084 2686 1153 2731 esse
1177 2666 1293 2730 faceret

152 2781 214 2840 tum
247 2776 411 2851 uelociter,
435 2781 472 2839 ut
495 2795 596 2858 ueque
629 2776 779 2840 uoluntas
804 2774 978 2859 operationi
1000 2779 1214 2857 praesumeret
1236 2793 1293 2836 nec

99 2873 115 2935 9
153 2884 289 2966 operatio
322 2883 493 2947 uoluntati.
526 2882 651 2947 miraris
689 2901 779 2965 opus,
814 2882 938 2963 qrraeris
978 2884 1182 2963 operatorem,
1221 2879 1291 2961 quis
1310 2885 1332 2938 ll

152 2990 339 3074 principium
363 2992 452 3054 tanto
476 2989 564 3070 operi
586 2989 716 3064 dederit,
738 2989 809 3070 quis
832 2992 898 3053 tam
922 2989 985 3053 cito
1010 2987 1134 3052 fecerit:
1159 2987 1294 3050 subiecit

117 3102 138 3139 ’ὃ
155 3099 260 3162 statim
285 3097 394 3161 dicens
418 3096 492 3177 quia
516 3095 607 3160 deus
642 3095 736 3159 fecit
768 3096 912 3160 caelum
942 3098 978 3159 et
1004 3098 1151 3160 terram.
1177 3093 1293 3157 audisti

155 3210 323 3278 auctorem,
348 3202 493 3267 dubitare
517 3222 577 3267 non
602 3202 709 3266 debes.
734 3201 785 3266 hic
810 3205 869 3279 est,
893 3202 924 3265 in
949 3220 1010 3283 quo
1035 3200 1194 3264 benedixit
1217 3200 1294 3263 blel-

156 3310 319 3375 chisedech
344 3310 501 3373 Abraham
525 3312 647 3392 patrem
672 3308 844 3373 multamm
868 3308 1012 3392 gentium
1037 3307 1157 3371 dicens:
1191 3306 1294 3369 bene-

156 3414 277 3480 dictus
293 3414 477 3480 Abrabam
493 3415 559 3480 deo
576 3435 729 3491 summu,
746 3415 807 3496 qui
828 3415 921 3479 fecit
936 3415 1079 3479 caelum
1096 3416 1132 3477 ot
1147 3415 1293 3476 terrum.

240 3605 516 3674 alsasense)
585 3605 783 3660 enasset·
802 3607 829 3678 (3
850 3605 939 3667 C-E)
1006 3605 1039 3658 10
1058 3604 1156 3657 Pselm.
1177 3602 1241 3658 Clll
1260 3603 1294 3655 ‘24

157 3695 184 3748 ld
203 3696 304 3750 Psalm
323 3695 424 3749 XXXII
443 3696 459 3748 9
514 3695 548 3748 27
568 3693 634 3748 Gon.
657 3696 698 3757 14,
720 3696 753 3747 19

188 3802 202 3853 7
223 3805 422 3855 consueuerunt
442 3801 509 3854 NB
616 3801 633 3854 8
652 3801 817 3855 arbitrentur
837 3800 889 3853 CV
906 3807 931 3854 ct
949 3804 991 3853 ml
1011 3799 1036 3853 G
1056 3799 1251 3852 arbitrarentur
1271 3800 1296 3852 G

156 3895 199 3943 era
216 3893 247 3943 in
267 3908 315 3959 arcp.
336 3897 382 3944 cet.
430 3891 460 3943 ll
483 3891 630 3943 creatorem
654 3890 676 3938 (l
747 3889 931 3943 infirmitatem
949 3888 974 3942 G
993 3889 1035 3958 (in
1053 3905 1102 3957 erp.
1122 3890 1169 3940 m?
1182 3887 1296 3940 insonant

157 3981 277 4045 materia)
296 3980 439 4033 intormem
459 3979 524 4043 (iulo
544 3996 613 4032 mem
627 3979 681 4044 Μ’)
701 3980 839 4032 materiam
854 3978 879 4034 bt
899 3984 929 4042 (a.
949 3982 996 4031 mt’
1013 3977 1026 4029 l
1045 3977 1238 4034 intinuitateml
1254 3977 1296 4028 Μ’

188 4072 412 4128 mma-u
429 4069 452 4121 ζ’
464 4085 498 4122 ne
514 4068 648 4121 anarchon
665 4068 690 4122 G
704 4072 751 4121 cet.
809 4069 840 4121 ll
860 4083 939 4119 nemo
955 4065 1063 4119 enimG
1079 4065 1161 4129 (enim
1176 4073 1254 4118 carro
1268 4084 1294 4117 u.

157 4160 208 4209 na2÷
236 4158 317 4210 Facit.
409 4158 443 4211 ‘20
467 4157 576 4228 expedit
604 4157 627 4208 (⁷
648 4157 766 4226 cxpectit
794 4156 818 4208 V
841 4154 967 4226 expendit
991 4158 1014 4205 (ι’
1040 4170 1066 4221 υ]
1092 4153 1157 4207 aud
1186 4157 1243 4215 aad)
1267 4153 1300 4206 Ν

158 4244 189 4298 22
206 4263 293 4315 neque
313 4246 433 4317 operatio
452 4246 488 4300 M
517 4244 600 4299 Fora
