<?xml version="1.0" encoding="UTF-8"?>
<!DOCTYPE html PUBLIC "-//W3C//DTD XHTML 1.0 Transitional//EN"
    "http://www.w3.org/TR/xhtml1/DTD/xhtml1-transitional.dtd">
<html xmlns="http://www.w3.org/1999/xhtml" xml:lang="en" lang="en">
 <head>
  <title>
</title>
<meta http-equiv="Content-Type" content="text/html;charset=utf-8" />
  <meta name='ocr-system' content='tesseract 3.04.00' />
  <meta name='ocr-capabilities' content='ocr_page ocr_carea ocr_par ocr_line ocrx_word'/>
</head>
<body>
  <div class='ocr_page' id='page_1' title='image "./sanctiambrosiio02petsgoog_0061.png"; bbox 0 0 2836 4822; ppageno 0'>
   <div class='ocr_carea' id='block_1_1' title="bbox 129 348 803 418">
    <p class='ocr_par' dir='ltr' id='par_1_1' title="bbox 129 348 803 418">
     <span class='ocr_line' id='line_1_1' title="bbox 129 348 803 418; baseline 0 -16"><span class='ocrx_word' id='word_1_1' title='bbox 129 354 172 418; x_wconf 83' lang='lat'>50</span> <span class='ocrx_word' id='word_1_2' title='bbox 606 348 803 402; x_wconf 82' lang='lat' dir='ltr'>Ambrosii</span> 
     </span>
    </p>
   </div>
   <div class='ocr_carea' id='block_1_2' title="bbox 78 543 1320 3404">
    <p class='ocr_par' dir='ltr' id='par_1_2' title="bbox 78 543 1320 3404">
     <span class='ocr_line' id='line_1_2' title="bbox 130 543 1277 626; baseline 0.002 -17"><span class='ocrx_word' id='word_1_3' title='bbox 130 544 211 610; x_wconf 82' lang='lat' dir='ltr'>exire</span> <span class='ocrx_word' id='word_1_4' title='bbox 243 544 343 610; x_wconf 89' lang='lat' dir='ltr'>nubes</span> <span class='ocrx_word' id='word_1_5' title='bbox 376 544 414 608; x_wconf 93' lang='lat' dir='ltr'>de</span> <span class='ocrx_word' id='word_1_6' title='bbox 446 543 619 609; x_wconf 90' lang='lat' dir='ltr'>montibus.</span> <span class='ocrx_word' id='word_1_7' title='bbox 653 562 768 626; x_wconf 84' lang='lat' dir='ltr'><strong>quaero</strong></span> <span class='ocrx_word' id='word_1_8' title='bbox 802 546 910 607; x_wconf 91' lang='lat' dir='ltr'>utrum</span> <span class='ocrx_word' id='word_1_9' title='bbox 938 543 976 607; x_wconf 92' lang='lat' dir='ltr'>de</span> <span class='ocrx_word' id='word_1_10' title='bbox 1004 544 1096 609; x_wconf 83' lang='lat' dir='ltr'>terris</span> <span class='ocrx_word' id='word_1_11' title='bbox 1125 548 1277 612; x_wconf 80' lang='lat' dir='ltr'>ascendat</span> 
     </span>
     <span class='ocr_line' id='line_1_3' title="bbox 130 650 1275 734; baseline 0.002 -19"><span class='ocrx_word' id='word_1_12' title='bbox 130 671 212 734; x_wconf 91' lang='lat' dir='ltr'>aqua</span> <span class='ocrx_word' id='word_1_13' title='bbox 239 672 277 716; x_wconf 87' lang='lat' dir='ltr'>an</span> <span class='ocrx_word' id='word_1_14' title='bbox 307 671 344 717; x_wconf 93' lang='lat' dir='ltr'>ea</span> <span class='ocrx_word' id='word_1_15' title='bbox 371 670 451 733; x_wconf 90' lang='lat' dir='ltr'>quae</span> <span class='ocrx_word' id='word_1_16' title='bbox 480 670 575 734; x_wconf 93' lang='lat' dir='ltr'>super</span> <span class='ocrx_word' id='word_1_17' title='bbox 603 651 708 715; x_wconf 89' lang='lat' dir='ltr'>caelos</span> <span class='ocrx_word' id='word_1_18' title='bbox 733 654 783 714; x_wconf 88' lang='lat' dir='ltr'>est</span> <span class='ocrx_word' id='word_1_19' title='bbox 803 650 893 734; x_wconf 87' lang='lat' dir='ltr'>largo</span> <span class='ocrx_word' id='word_1_20' title='bbox 916 650 1017 715; x_wconf 87' lang='lat' dir='ltr'>imbre</span> <span class='ocrx_word' id='word_1_21' title='bbox 1042 650 1222 719; x_wconf 78' lang='lat' dir='ltr'>descendat.</span> <span class='ocrx_word' id='word_1_22' title='bbox 1248 653 1275 719; x_wconf 89' lang='lat' dir='ltr'>si</span> 
     </span>
     <span class='ocr_line' id='line_1_4' title="bbox 129 757 1276 841; baseline 0.001 -18"><span class='ocrx_word' id='word_1_23' title='bbox 129 758 282 836; x_wconf 90' lang='lat' dir='ltr'>ascendit,</span> <span class='ocrx_word' id='word_1_24' title='bbox 306 778 328 821; x_wconf 91' lang='lat' dir='ltr'>u</span> <span class='ocrx_word' id='word_1_25' title='bbox 343 757 417 840; x_wconf 90' lang='lat' dir='ltr'>ique</span> <span class='ocrx_word' id='word_1_26' title='bbox 442 759 550 822; x_wconf 87' lang='lat' dir='ltr'>contra</span> <span class='ocrx_word' id='word_1_27' title='bbox 573 760 719 821; x_wconf 89' lang='lat' dir='ltr'>naturam</span> <span class='ocrx_word' id='word_1_28' title='bbox 742 759 801 834; x_wconf 86' lang='lat' dir='ltr'>est,</span> <span class='ocrx_word' id='word_1_29' title='bbox 825 760 862 820; x_wconf 92' lang='lat' dir='ltr'>ut</span> <span class='ocrx_word' id='word_1_30' title='bbox 886 757 1034 822; x_wconf 83' lang='lat' dir='ltr'>ascendat</span> <span class='ocrx_word' id='word_1_31' title='bbox 1057 758 1088 821; x_wconf 91' lang='lat' dir='ltr'>in</span> <span class='ocrx_word' id='word_1_32' title='bbox 1113 759 1276 841; x_wconf 86' lang='lat' dir='ltr'>superiora</span> 
     </span>
     <span class='ocr_line' id='line_1_5' title="bbox 129 864 1276 949; baseline 0.003 -21"><span class='ocrx_word' id='word_1_33' title='bbox 129 883 209 948; x_wconf 90' lang='lat' dir='ltr'>quae</span> <span class='ocrx_word' id='word_1_34' title='bbox 239 864 365 949; x_wconf 80' lang='lat' dir='ltr'>grauior</span> <span class='ocrx_word' id='word_1_35' title='bbox 392 867 442 928; x_wconf 89' lang='lat' dir='ltr'>est</span> <span class='ocrx_word' id='word_1_36' title='bbox 470 866 502 929; x_wconf 92' lang='lat' dir='ltr'>et</span> <span class='ocrx_word' id='word_1_37' title='bbox 524 866 668 946; x_wconf 88' lang='lat' dir='ltr'>portetur</span> <span class='ocrx_word' id='word_1_38' title='bbox 691 882 772 941; x_wconf 85' lang='lat' dir='ltr'>aere,</span> <span class='ocrx_word' id='word_1_39' title='bbox 797 882 868 928; x_wconf 89' lang='lat' dir='ltr'>cum</span> <span class='ocrx_word' id='word_1_40' title='bbox 894 883 946 927; x_wconf 90' lang='lat' dir='ltr'>aer</span> <span class='ocrx_word' id='word_1_41' title='bbox 970 864 1118 930; x_wconf 90' lang='lat' dir='ltr'>subtilior</span> <span class='ocrx_word' id='word_1_42' title='bbox 1141 866 1194 932; x_wconf 90' lang='lat' dir='ltr'>sit.</span> <span class='ocrx_word' id='word_1_43' title='bbox 1219 870 1276 931; x_wconf 88' lang='lat' dir='ltr'>aut</span> 
     </span>
     <span class='ocr_line' id='line_1_6' title="bbox 129 970 1320 1053; baseline -0.002 -17"><span class='ocrx_word' id='word_1_44' title='bbox 129 971 158 1036; x_wconf 91' lang='lat' dir='ltr'>si</span> <span class='ocrx_word' id='word_1_45' title='bbox 190 972 306 1036; x_wconf 88' lang='lat' dir='ltr'>conciti</span> <span class='ocrx_word' id='word_1_46' title='bbox 339 971 423 1035; x_wconf 90' lang='lat' dir='ltr'>orbis</span> <span class='ocrx_word' id='word_1_47' title='bbox 456 972 556 1036; x_wconf 89' lang='lat' dir='ltr'>totius</span> <span class='ocrx_word' id='word_1_48' title='bbox 588 973 678 1035; x_wconf 90' lang='lat' dir='ltr'>motu</span> <span class='ocrx_word' id='word_1_49' title='bbox 710 970 832 1053; x_wconf 85' lang='lat' dir='ltr'>rapitur</span> <span class='ocrx_word' id='word_1_50' title='bbox 864 991 955 1052; x_wconf 88' lang='lat' dir='ltr'>aqua,</span> <span class='ocrx_word' id='word_1_51' title='bbox 990 971 1074 1035; x_wconf 88' lang='lat' dir='ltr'>sicut</span> <span class='ocrx_word' id='word_1_52' title='bbox 1104 971 1169 1037; x_wconf 94' lang='lat' dir='ltr'>imo</span> <span class='ocrx_word' id='word_1_53' title='bbox 1199 973 1275 1037; x_wconf 91' lang='lat' dir='ltr'>orbe</span> <span class='ocrx_word' id='word_1_54' title='bbox 1307 995 1320 1034; x_wconf 74' lang='lat' dir='ltr'>a</span> 
     </span>
     <span class='ocr_line' id='line_1_7' title="bbox 129 1077 1275 1161; baseline 0.001 -19"><span class='ocrx_word' id='word_1_55' title='bbox 129 1079 251 1161; x_wconf 86' lang='lat' dir='ltr'>rapitur</span> <span class='ocrx_word' id='word_1_56' title='bbox 278 1079 324 1142; x_wconf 89' lang='lat' dir='ltr'>ita</span> <span class='ocrx_word' id='word_1_57' title='bbox 352 1097 477 1143; x_wconf 90' lang='lat' dir='ltr'>summo</span> <span class='ocrx_word' id='word_1_58' title='bbox 507 1078 580 1143; x_wconf 89' lang='lat' dir='ltr'>orbe</span> <span class='ocrx_word' id='word_1_59' title='bbox 610 1077 805 1142; x_wconf 86' lang='lat' dir='ltr'>diffunditur.</span> <span class='ocrx_word' id='word_1_60' title='bbox 830 1077 858 1141; x_wconf 90' lang='lat' dir='ltr'>si</span> <span class='ocrx_word' id='word_1_61' title='bbox 881 1077 980 1155; x_wconf 85' lang='lat' dir='ltr'>fundi,</span> <span class='ocrx_word' id='word_1_62' title='bbox 1006 1080 1042 1142; x_wconf 90' lang='lat' dir='ltr'>ut</span> <span class='ocrx_word' id='word_1_63' title='bbox 1065 1079 1188 1156; x_wconf 89' lang='lat' dir='ltr'>uolunt,</span> <span class='ocrx_word' id='word_1_64' title='bbox 1213 1098 1275 1143; x_wconf 92' lang='lat' dir='ltr'>non</span> 
     </span>
     <span class='ocr_line' id='line_1_8' title="bbox 130 1184 1276 1270; baseline 0.003 -22"><span class='ocrx_word' id='word_1_65' title='bbox 130 1184 255 1260; x_wconf 87' lang='lat' dir='ltr'>desinit,</span> <span class='ocrx_word' id='word_1_66' title='bbox 289 1185 398 1268; x_wconf 86' lang='lat' dir='ltr'>utique</span> <span class='ocrx_word' id='word_1_67' title='bbox 430 1204 491 1251; x_wconf 93' lang='lat' dir='ltr'>non</span> <span class='ocrx_word' id='word_1_68' title='bbox 525 1184 641 1249; x_wconf 87' lang='lat' dir='ltr'>desinit</span> <span class='ocrx_word' id='word_1_69' title='bbox 671 1184 750 1266; x_wconf 93' lang='lat' dir='ltr'>rapi,</span> <span class='ocrx_word' id='word_1_70' title='bbox 783 1185 857 1266; x_wconf 86' lang='lat' dir='ltr'>quia</span> <span class='ocrx_word' id='word_1_71' title='bbox 889 1184 917 1249; x_wconf 85' lang='lat' dir='ltr'>si</span> <span class='ocrx_word' id='word_1_72' title='bbox 950 1184 1015 1249; x_wconf 84' lang='lat' dir='ltr'>aris</span> <span class='ocrx_word' id='word_1_73' title='bbox 1044 1186 1122 1250; x_wconf 89' lang='lat' dir='ltr'>caeli</span> <span class='ocrx_word' id='word_1_74' title='bbox 1151 1205 1276 1270; x_wconf 91' lang='lat' dir='ltr'>semper</span> 
     </span>
     <span class='ocr_line' id='line_1_9' title="bbox 130 1291 1274 1376; baseline 0.001 -20"><span class='ocrx_word' id='word_1_75' title='bbox 130 1295 286 1369; x_wconf 85' lang='lat' dir='ltr'>mouetur,</span> <span class='ocrx_word' id='word_1_76' title='bbox 316 1296 348 1356; x_wconf 93' lang='lat' dir='ltr'>et</span> <span class='ocrx_word' id='word_1_77' title='bbox 376 1311 457 1374; x_wconf 89' lang='lat' dir='ltr'>aqua</span> <span class='ocrx_word' id='word_1_78' title='bbox 485 1310 609 1375; x_wconf 89' lang='lat' dir='ltr'>semper</span> <span class='ocrx_word' id='word_1_79' title='bbox 635 1291 789 1356; x_wconf 88' lang='lat' dir='ltr'>hauritur.</span> <span class='ocrx_word' id='word_1_80' title='bbox 819 1292 846 1355; x_wconf 91' lang='lat' dir='ltr'>si</span> <span class='ocrx_word' id='word_1_81' title='bbox 871 1291 1044 1368; x_wconf 87' lang='lat' dir='ltr'>descendit,</span> <span class='ocrx_word' id='word_1_82' title='bbox 1068 1296 1176 1357; x_wconf 90' lang='lat' dir='ltr'>manet</span> <span class='ocrx_word' id='word_1_83' title='bbox 1199 1312 1274 1376; x_wconf 87' lang='lat' dir='ltr'>ergo</span> 
     </span>
     <span class='ocr_line' id='line_1_10' title="bbox 129 1397 1275 1483; baseline 0.001 -21"><span class='ocrx_word' id='word_1_84' title='bbox 129 1398 247 1483; x_wconf 87' lang='lat' dir='ltr'>iugiter</span> <span class='ocrx_word' id='word_1_85' title='bbox 271 1418 367 1482; x_wconf 89' lang='lat' dir='ltr'>supra</span> <span class='ocrx_word' id='word_1_86' title='bbox 390 1399 505 1474; x_wconf 85' lang='lat' dir='ltr'>caelos,</span> <span class='ocrx_word' id='word_1_87' title='bbox 531 1417 611 1480; x_wconf 89' lang='lat' dir='ltr'>quae</span> <span class='ocrx_word' id='word_1_88' title='bbox 634 1399 730 1462; x_wconf 89' lang='lat' dir='ltr'>habet</span> <span class='ocrx_word' id='word_1_89' title='bbox 753 1397 835 1462; x_wconf 92' lang='lat' dir='ltr'>unde</span> <span class='ocrx_word' id='word_1_90' title='bbox 860 1397 1038 1462; x_wconf 89' lang='lat' dir='ltr'>descendat.</span> <span class='ocrx_word' id='word_1_91' title='bbox 1063 1398 1173 1464; x_wconf 88' lang='lat' dir='ltr'>deinde</span> <span class='ocrx_word' id='word_1_92' title='bbox 1198 1399 1275 1481; x_wconf 90' lang='lat' dir='ltr'>quid</span> 
     </span>
     <span class='ocr_line' id='line_1_11' title="bbox 131 1505 1320 1589; baseline -0.002 -20"><span class='ocrx_word' id='word_1_93' title='bbox 131 1506 248 1583; x_wconf 87' lang='lat' dir='ltr'>obstat,</span> <span class='ocrx_word' id='word_1_94' title='bbox 278 1506 306 1571; x_wconf 90' lang='lat' dir='ltr'>si</span> <span class='ocrx_word' id='word_1_95' title='bbox 335 1506 544 1572; x_wconf 84' lang='lat' dir='ltr'>confiteantur</span> <span class='ocrx_word' id='word_1_96' title='bbox 572 1505 646 1588; x_wconf 87' lang='lat' dir='ltr'>quia</span> <span class='ocrx_word' id='word_1_97' title='bbox 674 1524 756 1589; x_wconf 87' lang='lat' dir='ltr'>aqua</span> <span class='ocrx_word' id='word_1_98' title='bbox 779 1525 874 1587; x_wconf 90' lang='lat' dir='ltr'>super</span> <span class='ocrx_word' id='word_1_99' title='bbox 898 1508 1002 1569; x_wconf 88' lang='lat' dir='ltr'>caelos</span> <span class='ocrx_word' id='word_1_100' title='bbox 1027 1525 1183 1589; x_wconf 89' lang='lat' dir='ltr'>suspensa</span> <span class='ocrx_word' id='word_1_101' title='bbox 1205 1507 1274 1571; x_wconf 84' lang='lat' dir='ltr'>sit?</span> <span class='ocrx_word' id='word_1_102' title='bbox 1295 1529 1320 1568; x_wconf 83' lang='lat'>10</span> 
     </span>
     <span class='ocr_line' id='line_1_12' title="bbox 129 1611 1274 1694; baseline 0.001 -18"><span class='ocrx_word' id='word_1_103' title='bbox 129 1631 201 1677; x_wconf 89' lang='lat' dir='ltr'>nam</span> <span class='ocrx_word' id='word_1_104' title='bbox 230 1631 292 1694; x_wconf 91' lang='lat' dir='ltr'>quo</span> <span class='ocrx_word' id='word_1_105' title='bbox 321 1612 417 1676; x_wconf 91' lang='lat' dir='ltr'>uerbo</span> <span class='ocrx_word' id='word_1_106' title='bbox 448 1612 558 1676; x_wconf 88' lang='lat' dir='ltr'>dieunt</span> <span class='ocrx_word' id='word_1_107' title='bbox 585 1616 699 1675; x_wconf 85' lang='lat' dir='ltr'>terram</span> <span class='ocrx_word' id='word_1_108' title='bbox 727 1611 759 1675; x_wconf 90' lang='lat' dir='ltr'>in</span> <span class='ocrx_word' id='word_1_109' title='bbox 787 1611 891 1675; x_wconf 91' lang='lat' dir='ltr'>medio</span> <span class='ocrx_word' id='word_1_110' title='bbox 921 1629 991 1676; x_wconf 87' lang='lat' dir='ltr'>esse</span> <span class='ocrx_word' id='word_1_111' title='bbox 1021 1630 1208 1693; x_wconf 85' lang='lat' dir='ltr'>suspensam</span> <span class='ocrx_word' id='word_1_112' title='bbox 1241 1615 1274 1677; x_wconf 91' lang='lat' dir='ltr'>et</span> 
     </span>
     <span class='ocr_line' id='line_1_13' title="bbox 129 1717 1275 1801; baseline -0.003 -17"><span class='ocrx_word' id='word_1_113' title='bbox 129 1719 327 1784; x_wconf 85' lang='lat' dir='ltr'>immobilem</span> <span class='ocrx_word' id='word_1_114' title='bbox 356 1737 492 1796; x_wconf 87' lang='lat' dir='ltr'>manere,</span> <span class='ocrx_word' id='word_1_115' title='bbox 522 1737 594 1782; x_wconf 91' lang='lat' dir='ltr'>cum</span> <span class='ocrx_word' id='word_1_116' title='bbox 623 1718 733 1800; x_wconf 89' lang='lat' dir='ltr'>utique</span> <span class='ocrx_word' id='word_1_117' title='bbox 761 1718 888 1801; x_wconf 86' lang='lat' dir='ltr'>grauior</span> <span class='ocrx_word' id='word_1_118' title='bbox 917 1717 960 1782; x_wconf 89' lang='lat' dir='ltr'>sit</span> <span class='ocrx_word' id='word_1_119' title='bbox 987 1737 1081 1799; x_wconf 91' lang='lat' dir='ltr'>quam</span> <span class='ocrx_word' id='word_1_120' title='bbox 1106 1722 1212 1800; x_wconf 82' lang='lat' dir='ltr'>aqua?</span> <span class='ocrx_word' id='word_1_121' title='bbox 1238 1737 1275 1782; x_wconf 88' lang='lat' dir='ltr'>ea</span> 
     </span>
     <span class='ocr_line' id='line_1_14' title="bbox 129 1824 1273 1908; baseline -0.001 -17"><span class='ocrx_word' id='word_1_122' title='bbox 129 1827 250 1892; x_wconf 88' lang='lat' dir='ltr'>ratione</span> <span class='ocrx_word' id='word_1_123' title='bbox 281 1828 417 1908; x_wconf 89' lang='lat' dir='ltr'>possunt</span> <span class='ocrx_word' id='word_1_124' title='bbox 449 1825 552 1889; x_wconf 92' lang='lat' dir='ltr'>dicere</span> <span class='ocrx_word' id='word_1_125' title='bbox 585 1844 646 1889; x_wconf 93' lang='lat' dir='ltr'>non</span> <span class='ocrx_word' id='word_1_126' title='bbox 679 1824 879 1907; x_wconf 84' lang='lat' dir='ltr'>praecipitari</span> <span class='ocrx_word' id='word_1_127' title='bbox 912 1843 1025 1906; x_wconf 89' lang='lat' dir='ltr'>aquam</span> <span class='ocrx_word' id='word_1_128' title='bbox 1063 1824 1147 1889; x_wconf 90' lang='lat' dir='ltr'>orbis</span> <span class='ocrx_word' id='word_1_129' title='bbox 1184 1824 1273 1890; x_wconf 91' lang='lat' dir='ltr'>illius</span> 
     </span>
     <span class='ocr_line' id='line_1_15' title="bbox 131 1931 1275 2014; baseline -0.002 -16"><span class='ocrx_word' id='word_1_130' title='bbox 131 1933 277 1998; x_wconf 88' lang='lat' dir='ltr'>caelestis</span> <span class='ocrx_word' id='word_1_131' title='bbox 302 1932 518 2009; x_wconf 75' lang='lat' dir='ltr'>cornemium,</span> <span class='ocrx_word' id='word_1_132' title='bbox 543 1950 622 2013; x_wconf 92' lang='lat' dir='ltr'>quae</span> <span class='ocrx_word' id='word_1_133' title='bbox 645 1950 742 2014; x_wconf 93' lang='lat' dir='ltr'>super</span> <span class='ocrx_word' id='word_1_134' title='bbox 765 1931 868 1995; x_wconf 87' lang='lat' dir='ltr'>caelos</span> <span class='ocrx_word' id='word_1_135' title='bbox 893 1935 953 1995; x_wconf 87' lang='lat' dir='ltr'>est.</span> <span class='ocrx_word' id='word_1_136' title='bbox 977 1931 1062 1995; x_wconf 89' lang='lat' dir='ltr'>sicut</span> <span class='ocrx_word' id='word_1_137' title='bbox 1085 1932 1167 1996; x_wconf 89' lang='lat' dir='ltr'>eninr</span> <span class='ocrx_word' id='word_1_138' title='bbox 1190 1936 1275 1996; x_wconf 89' lang='lat' dir='ltr'>terra</span> 
     </span>
     <span class='ocr_line' id='line_1_16' title="bbox 131 2038 1319 2122; baseline -0.002 -18"><span class='ocrx_word' id='word_1_139' title='bbox 131 2041 208 2112; x_wconf 89' lang='lat' dir='ltr'>&lt;in&gt;</span> <span class='ocrx_word' id='word_1_140' title='bbox 231 2040 317 2104; x_wconf 89' lang='lat' dir='ltr'>inani</span> <span class='ocrx_word' id='word_1_141' title='bbox 340 2038 545 2122; x_wconf 89' lang='lat' dir='ltr'>suspenditur</span> <span class='ocrx_word' id='word_1_142' title='bbox 568 2039 621 2103; x_wconf 91' lang='lat' dir='ltr'>uel</span> <span class='ocrx_word' id='word_1_143' title='bbox 643 2039 780 2122; x_wconf 88' lang='lat' dir='ltr'>pondere</span> <span class='ocrx_word' id='word_1_144' title='bbox 803 2038 917 2103; x_wconf 89' lang='lat' dir='ltr'>librato</span> <span class='ocrx_word' id='word_1_145' title='bbox 941 2038 1082 2121; x_wconf 90' lang='lat' dir='ltr'>undique</span> <span class='ocrx_word' id='word_1_146' title='bbox 1099 2039 1274 2105; x_wconf 90' lang='lat' dir='ltr'>immobilis</span> <span class='ocrx_word' id='word_1_147' title='bbox 1295 2061 1319 2102; x_wconf 79' lang='lat' dir='ltr'>rs</span> 
     </span>
     <span class='ocr_line' id='line_1_17' title="bbox 129 2144 1275 2230; baseline -0.001 -19"><span class='ocrx_word' id='word_1_148' title='bbox 129 2148 321 2230; x_wconf 91' lang='lat' dir='ltr'>perseuerat,</span> <span class='ocrx_word' id='word_1_149' title='bbox 345 2146 445 2210; x_wconf 89' lang='lat' dir='ltr'>itaet</span> <span class='ocrx_word' id='word_1_150' title='bbox 474 2164 555 2228; x_wconf 87' lang='lat' dir='ltr'>aqua</span> <span class='ocrx_word' id='word_1_151' title='bbox 579 2150 634 2209; x_wconf 90' lang='lat' dir='ltr'>aut</span> <span class='ocrx_word' id='word_1_152' title='bbox 657 2144 857 2229; x_wconf 87' lang='lat' dir='ltr'>grauioribus</span> <span class='ocrx_word' id='word_1_153' title='bbox 882 2148 937 2210; x_wconf 87' lang='lat' dir='ltr'>aut</span> <span class='ocrx_word' id='word_1_154' title='bbox 960 2145 1068 2228; x_wconf 91' lang='lat' dir='ltr'>aequis</span> <span class='ocrx_word' id='word_1_155' title='bbox 1094 2164 1165 2210; x_wconf 90' lang='lat' dir='ltr'>cum</span> <span class='ocrx_word' id='word_1_156' title='bbox 1190 2151 1275 2210; x_wconf 90' lang='lat' dir='ltr'>terra</span> 
     </span>
     <span class='ocr_line' id='line_1_18' title="bbox 129 2251 1275 2336; baseline 0 -17"><span class='ocrx_word' id='word_1_157' title='bbox 129 2253 321 2336; x_wconf 87' lang='lat' dir='ltr'>ponderibus</span> <span class='ocrx_word' id='word_1_158' title='bbox 345 2253 551 2317; x_wconf 83' lang='lat' dir='ltr'>examinatur.</span> <span class='ocrx_word' id='word_1_159' title='bbox 575 2251 709 2334; x_wconf 89' lang='lat' dir='ltr'>ideoque</span> <span class='ocrx_word' id='word_1_160' title='bbox 733 2271 794 2315; x_wconf 92' lang='lat' dir='ltr'>non</span> <span class='ocrx_word' id='word_1_161' title='bbox 819 2252 912 2316; x_wconf 81' lang='lat' dir='ltr'>facile</span> <span class='ocrx_word' id='word_1_162' title='bbox 932 2251 1170 2334; x_wconf 80' lang='lat' dir='ltr'>superfunditur</span> <span class='ocrx_word' id='word_1_163' title='bbox 1187 2273 1275 2319; x_wconf 90' lang='lat' dir='ltr'>mare</span> 
     </span>
     <span class='ocr_line' id='line_1_19' title="bbox 78 2358 1274 2441; baseline 0.002 -17"><span class='ocrx_word' id='word_1_164' title='bbox 78 2370 118 2433; x_wconf 87' lang='lat'>12</span> <span class='ocrx_word' id='word_1_165' title='bbox 130 2361 231 2436; x_wconf 89' lang='lat' dir='ltr'>terris,</span> <span class='ocrx_word' id='word_1_166' title='bbox 242 2359 303 2424; x_wconf 88' lang='lat' dir='ltr'>nisi</span> <span class='ocrx_word' id='word_1_167' title='bbox 314 2378 386 2424; x_wconf 93' lang='lat' dir='ltr'>cum</span> <span class='ocrx_word' id='word_1_168' title='bbox 397 2359 526 2424; x_wconf 89' lang='lat' dir='ltr'>iubetur</span> <span class='ocrx_word' id='word_1_169' title='bbox 540 2359 633 2424; x_wconf 88' lang='lat' dir='ltr'>erire.</span> <span class='ocrx_word' id='word_1_170' title='bbox 649 2358 761 2423; x_wconf 86' lang='lat' dir='ltr'>deinde</span> <span class='ocrx_word' id='word_1_171' title='bbox 777 2377 847 2422; x_wconf 89' lang='lat' dir='ltr'>cum</span> <span class='ocrx_word' id='word_1_172' title='bbox 863 2359 925 2441; x_wconf 90' lang='lat' dir='ltr'>ipsi</span> <span class='ocrx_word' id='word_1_173' title='bbox 941 2359 1048 2424; x_wconf 88' lang='lat' dir='ltr'>dicant</span> <span class='ocrx_word' id='word_1_174' title='bbox 1061 2359 1149 2423; x_wconf 88' lang='lat' dir='ltr'>uolui</span> <span class='ocrx_word' id='word_1_175' title='bbox 1166 2360 1274 2426; x_wconf 92' lang='lat' dir='ltr'>orbem</span> 
     </span>
     <span class='ocr_line' id='line_1_20' title="bbox 130 2465 1276 2550; baseline 0.001 -18"><span class='ocrx_word' id='word_1_176' title='bbox 130 2468 209 2532; x_wconf 86' lang='lat' dir='ltr'>caeli</span> <span class='ocrx_word' id='word_1_177' title='bbox 238 2466 341 2531; x_wconf 80' lang='lat' dir='ltr'>stellis</span> <span class='ocrx_word' id='word_1_178' title='bbox 366 2466 547 2531; x_wconf 81' lang='lat' dir='ltr'>ardentibus</span> <span class='ocrx_word' id='word_1_179' title='bbox 571 2465 793 2550; x_wconf 85' lang='lat' dir='ltr'>refulgentem,</span> <span class='ocrx_word' id='word_1_180' title='bbox 818 2486 920 2531; x_wconf 92' lang='lat' dir='ltr'>nonne</span> <span class='ocrx_word' id='word_1_181' title='bbox 943 2466 1052 2531; x_wconf 88' lang='lat' dir='ltr'>diuina</span> <span class='ocrx_word' id='word_1_182' title='bbox 1074 2467 1276 2549; x_wconf 86' lang='lat' dir='ltr'>prouidentia</span> 
     </span>
     <span class='ocr_line' id='line_1_21' title="bbox 128 2572 1320 2656; baseline -0.003 -17"><span class='ocrx_word' id='word_1_183' title='bbox 128 2574 307 2639; x_wconf 89' lang='lat' dir='ltr'>necessario</span> <span class='ocrx_word' id='word_1_184' title='bbox 325 2574 495 2656; x_wconf 85' lang='lat' dir='ltr'>prospexit,</span> <span class='ocrx_word' id='word_1_185' title='bbox 515 2576 551 2637; x_wconf 87' lang='lat' dir='ltr'>ut</span> <span class='ocrx_word' id='word_1_186' title='bbox 570 2572 652 2637; x_wconf 90' lang='lat' dir='ltr'>intra</span> <span class='ocrx_word' id='word_1_187' title='bbox 668 2573 775 2636; x_wconf 90' lang='lat' dir='ltr'>orbem</span> <span class='ocrx_word' id='word_1_188' title='bbox 791 2573 870 2637; x_wconf 87' lang='lat' dir='ltr'>caeli</span> <span class='ocrx_word' id='word_1_189' title='bbox 885 2575 917 2637; x_wconf 90' lang='lat' dir='ltr'>et</span> <span class='ocrx_word' id='word_1_190' title='bbox 931 2593 1027 2656; x_wconf 89' lang='lat' dir='ltr'>supra</span> <span class='ocrx_word' id='word_1_191' title='bbox 1043 2573 1150 2638; x_wconf 92' lang='lat' dir='ltr'>orbem</span> <span class='ocrx_word' id='word_1_192' title='bbox 1161 2575 1275 2639; x_wconf 89' lang='lat' dir='ltr'>redun-</span> <span class='ocrx_word' id='word_1_193' title='bbox 1293 2595 1320 2636; x_wconf 80' lang='lat' dir='ltr'>ao</span> 
     </span>
     <span class='ocr_line' id='line_1_22' title="bbox 130 2679 1277 2762; baseline 0.002 -18"><span class='ocrx_word' id='word_1_194' title='bbox 130 2681 219 2745; x_wconf 89' lang='lat' dir='ltr'>daret</span> <span class='ocrx_word' id='word_1_195' title='bbox 233 2699 323 2762; x_wconf 91' lang='lat' dir='ltr'>aqua,</span> <span class='ocrx_word' id='word_1_196' title='bbox 340 2699 420 2761; x_wconf 91' lang='lat' dir='ltr'>quae</span> <span class='ocrx_word' id='word_1_197' title='bbox 430 2679 487 2743; x_wconf 91' lang='lat' dir='ltr'>illa</span> <span class='ocrx_word' id='word_1_198' title='bbox 497 2680 649 2744; x_wconf 86' lang='lat' dir='ltr'>fomentis</span> <span class='ocrx_word' id='word_1_199' title='bbox 660 2679 726 2743; x_wconf 87' lang='lat' dir='ltr'>aris</span> <span class='ocrx_word' id='word_1_200' title='bbox 737 2679 880 2743; x_wconf 89' lang='lat' dir='ltr'>incendia</span> <span class='ocrx_word' id='word_1_201' title='bbox 890 2681 1101 2762; x_wconf 87' lang='lat' dir='ltr'>temperaret?</span> <span class='ocrx_word' id='word_1_202' title='bbox 1111 2684 1277 2762; x_wconf 90' lang='lat' dir='ltr'>propterea</span> 
     </span>
     <span class='ocr_line' id='line_1_23' title="bbox 130 2785 1274 2871; baseline 0.001 -20"><span class='ocrx_word' id='word_1_203' title='bbox 130 2787 204 2871; x_wconf 91' lang='lat' dir='ltr'>quia</span> <span class='ocrx_word' id='word_1_204' title='bbox 215 2787 352 2851; x_wconf 82' lang='lat' dir='ltr'>exundat</span> <span class='ocrx_word' id='word_1_205' title='bbox 361 2786 443 2869; x_wconf 87' lang='lat' dir='ltr'>ignis</span> <span class='ocrx_word' id='word_1_206' title='bbox 456 2791 487 2850; x_wconf 88' lang='lat' dir='ltr'>et</span> <span class='ocrx_word' id='word_1_207' title='bbox 497 2787 610 2863; x_wconf 82' lang='lat' dir='ltr'>feruet,</span> <span class='ocrx_word' id='word_1_208' title='bbox 623 2785 717 2851; x_wconf 91' lang='lat' dir='ltr'>etiam</span> <span class='ocrx_word' id='word_1_209' title='bbox 728 2805 810 2867; x_wconf 89' lang='lat' dir='ltr'>aqua</span> <span class='ocrx_word' id='word_1_210' title='bbox 819 2786 990 2850; x_wconf 85' lang='lat' dir='ltr'>erundauit</span> <span class='ocrx_word' id='word_1_211' title='bbox 1002 2786 1034 2849; x_wconf 90' lang='lat' dir='ltr'>in</span> <span class='ocrx_word' id='word_1_212' title='bbox 1049 2787 1151 2864; x_wconf 89' lang='lat' dir='ltr'>terris,</span> <span class='ocrx_word' id='word_1_213' title='bbox 1166 2807 1206 2850; x_wconf 91' lang='lat' dir='ltr'>ne</span> <span class='ocrx_word' id='word_1_214' title='bbox 1222 2808 1274 2852; x_wconf 88' lang='lat' dir='ltr'>eas</span> 
     </span>
     <span class='ocr_line' id='line_1_24' title="bbox 130 2892 1275 2978; baseline -0.002 -19"><span class='ocrx_word' id='word_1_215' title='bbox 130 2895 290 2978; x_wconf 86' lang='lat' dir='ltr'>surgentis</span> <span class='ocrx_word' id='word_1_216' title='bbox 311 2893 388 2958; x_wconf 90' lang='lat' dir='ltr'>solis</span> <span class='ocrx_word' id='word_1_217' title='bbox 409 2897 441 2958; x_wconf 92' lang='lat' dir='ltr'>et</span> <span class='ocrx_word' id='word_1_218' title='bbox 460 2894 624 2958; x_wconf 86' lang='lat' dir='ltr'>stellarum</span> <span class='ocrx_word' id='word_1_219' title='bbox 643 2893 829 2957; x_wconf 87' lang='lat' dir='ltr'>micantium</span> <span class='ocrx_word' id='word_1_220' title='bbox 849 2892 941 2957; x_wconf 90' lang='lat' dir='ltr'>ardor</span> <span class='ocrx_word' id='word_1_221' title='bbox 960 2899 1102 2958; x_wconf 80' lang='lat' dir='ltr'>exureret</span> <span class='ocrx_word' id='word_1_222' title='bbox 1120 2898 1152 2957; x_wconf 91' lang='lat' dir='ltr'>et</span> <span class='ocrx_word' id='word_1_223' title='bbox 1166 2897 1275 2957; x_wconf 88' lang='lat' dir='ltr'>tenera</span> 
     </span>
     <span class='ocr_line' id='line_1_25' title="bbox 129 2999 1273 3083; baseline -0.002 -18"><span class='ocrx_word' id='word_1_224' title='bbox 129 3020 234 3065; x_wconf 90' lang='lat' dir='ltr'>rerum</span> <span class='ocrx_word' id='word_1_225' title='bbox 254 3000 379 3065; x_wconf 82' lang='lat' dir='ltr'>exordia</span> <span class='ocrx_word' id='word_1_226' title='bbox 398 3001 547 3066; x_wconf 89' lang='lat' dir='ltr'>insolitus</span> <span class='ocrx_word' id='word_1_227' title='bbox 562 3019 662 3083; x_wconf 90' lang='lat' dir='ltr'>uapor</span> <span class='ocrx_word' id='word_1_228' title='bbox 674 2999 823 3065; x_wconf 87' lang='lat' dir='ltr'>laederet.</span> <span class='ocrx_word' id='word_1_229' title='bbox 841 3000 951 3082; x_wconf 87' lang='lat' dir='ltr'>quanti</span> <span class='ocrx_word' id='word_1_230' title='bbox 965 3000 1069 3064; x_wconf 88' lang='lat' dir='ltr'>fontes</span> <span class='ocrx_word' id='word_1_231' title='bbox 1080 3000 1170 3063; x_wconf 88' lang='lat' dir='ltr'>fluuii</span> <span class='ocrx_word' id='word_1_232' title='bbox 1183 3000 1273 3064; x_wconf 89' lang='lat' dir='ltr'>lacus</span> 
     </span>
     <span class='ocr_line' id='line_1_26' title="bbox 129 3106 1317 3191; baseline 0.003 -20"><span class='ocrx_word' id='word_1_233' title='bbox 129 3108 268 3191; x_wconf 85' lang='lat' dir='ltr'>inrigant</span> <span class='ocrx_word' id='word_1_234' title='bbox 291 3110 400 3184; x_wconf 87' lang='lat' dir='ltr'>terras,</span> <span class='ocrx_word' id='word_1_235' title='bbox 424 3107 499 3190; x_wconf 89' lang='lat' dir='ltr'>quia</span> <span class='ocrx_word' id='word_1_236' title='bbox 522 3126 574 3171; x_wconf 91' lang='lat' dir='ltr'>eas</span> <span class='ocrx_word' id='word_1_237' title='bbox 598 3108 739 3171; x_wconf 90' lang='lat' dir='ltr'>internus</span> <span class='ocrx_word' id='word_1_238' title='bbox 763 3106 892 3188; x_wconf 90' lang='lat' dir='ltr'>quidam</span> <span class='ocrx_word' id='word_1_239' title='bbox 911 3107 995 3191; x_wconf 83' lang='lat' dir='ltr'>ignis</span> <span class='ocrx_word' id='word_1_240' title='bbox 1014 3110 1161 3190; x_wconf 82' lang='lat' dir='ltr'>caperat!</span> <span class='ocrx_word' id='word_1_241' title='bbox 1191 3107 1273 3171; x_wconf 89' lang='lat' dir='ltr'>unde</span> <span class='ocrx_word' id='word_1_242' title='bbox 1292 3135 1317 3176; x_wconf 72' lang='lat' dir='ltr'>aa</span> 
     </span>
     <span class='ocr_line' id='line_1_27' title="bbox 130 3213 1274 3298; baseline -0.002 -19"><span class='ocrx_word' id='word_1_243' title='bbox 130 3215 211 3279; x_wconf 89' lang='lat' dir='ltr'>enim</span> <span class='ocrx_word' id='word_1_244' title='bbox 250 3217 305 3278; x_wconf 87' lang='lat' dir='ltr'>aut</span> <span class='ocrx_word' id='word_1_245' title='bbox 337 3214 462 3280; x_wconf 88' lang='lat' dir='ltr'>arbores</span> <span class='ocrx_word' id='word_1_246' title='bbox 496 3213 709 3298; x_wconf 85' lang='lat' dir='ltr'>germinarent</span> <span class='ocrx_word' id='word_1_247' title='bbox 741 3216 798 3277; x_wconf 88' lang='lat' dir='ltr'>aut</span> <span class='ocrx_word' id='word_1_248' title='bbox 829 3214 987 3278; x_wconf 85' lang='lat' dir='ltr'>frumenta</span> <span class='ocrx_word' id='word_1_249' title='bbox 1019 3214 1071 3277; x_wconf 93' lang='lat' dir='ltr'>uel</span> <span class='ocrx_word' id='word_1_250' title='bbox 1105 3216 1174 3278; x_wconf 87' lang='lat' dir='ltr'>sata</span> <span class='ocrx_word' id='word_1_251' title='bbox 1206 3233 1274 3295; x_wconf 84' lang='lat' dir='ltr'>pro·</span> 
     </span>
     <span class='ocr_line' id='line_1_28' title="bbox 128 3318 1273 3404; baseline -0.002 -18"><span class='ocrx_word' id='word_1_252' title='bbox 128 3324 309 3404; x_wconf 87' lang='lat' dir='ltr'>rumperent</span> <span class='ocrx_word' id='word_1_253' title='bbox 332 3321 385 3384; x_wconf 90' lang='lat' dir='ltr'>uel</span> <span class='ocrx_word' id='word_1_254' title='bbox 409 3323 478 3384; x_wconf 88' lang='lat' dir='ltr'>orta</span> <span class='ocrx_word' id='word_1_255' title='bbox 501 3323 722 3403; x_wconf 88' lang='lat' dir='ltr'>coquerentur,</span> <span class='ocrx_word' id='word_1_256' title='bbox 747 3318 808 3384; x_wconf 90' lang='lat' dir='ltr'>nisi</span> <span class='ocrx_word' id='word_1_257' title='bbox 833 3339 870 3384; x_wconf 88' lang='lat' dir='ltr'>ea</span> <span class='ocrx_word' id='word_1_258' title='bbox 892 3320 1022 3384; x_wconf 90' lang='lat' dir='ltr'>interior</span> <span class='ocrx_word' id='word_1_259' title='bbox 1045 3339 1170 3402; x_wconf 91' lang='lat' dir='ltr'>quoque</span> <span class='ocrx_word' id='word_1_260' title='bbox 1189 3321 1273 3404; x_wconf 87' lang='lat' dir='ltr'>ignis</span> 
     </span>
    </p>
   </div>
   <div class='ocr_carea' id='block_1_3' title="bbox 129 3509 1274 3670">
    <p class='ocr_par' dir='ltr' id='par_1_3' title="bbox 129 3509 1274 3670">
     <span class='ocr_line' id='line_1_29' title="bbox 222 3509 1274 3580; baseline 0 -14"><span class='ocrx_word' id='word_1_261' title='bbox 222 3513 253 3566; x_wconf 83' lang='lat'>15</span> <span class='ocrx_word' id='word_1_262' title='bbox 274 3510 354 3566; x_wconf 89' lang='lat' dir='ltr'>Ouid.</span> <span class='ocrx_word' id='word_1_263' title='bbox 373 3511 438 3564; x_wconf 82' lang='lat' dir='ltr'>Met.</span> <span class='ocrx_word' id='word_1_264' title='bbox 458 3512 471 3565; x_wconf 97' lang='lat' dir='ltr'>I</span> <span class='ocrx_word' id='word_1_265' title='bbox 492 3512 524 3565; x_wconf 85' lang='lat'>12</span> <span class='ocrx_word' id='word_1_266' title='bbox 543 3528 583 3580; x_wconf 89' lang='lat' dir='ltr'>sq.</span> <span class='ocrx_word' id='word_1_267' title='bbox 684 3511 718 3565; x_wconf 91' lang='lat'>18</span> <span class='ocrx_word' id='word_1_268' title='bbox 736 3510 797 3568; x_wconf 88' lang='lat' dir='ltr'>Bas.</span> <span class='ocrx_word' id='word_1_269' title='bbox 818 3512 852 3565; x_wconf 81' lang='grc'>64</span> <span class='ocrx_word' id='word_1_270' title='bbox 872 3509 918 3565; x_wconf 85' lang='lat' dir='ltr'>CI)</span> <span class='ocrx_word' id='word_1_271' title='bbox 941 3511 985 3576; x_wconf 83' lang='lat'>(27</span> <span class='ocrx_word' id='word_1_272' title='bbox 1004 3510 1062 3578; x_wconf 84' lang='lat' dir='ltr'>BC)</span> <span class='ocrx_word' id='word_1_273' title='bbox 1080 3511 1144 3565; x_wconf 88' lang='lat' dir='ltr'>Isid.</span> <span class='ocrx_word' id='word_1_274' title='bbox 1165 3510 1198 3565; x_wconf 94' lang='lat' dir='ltr'>de</span> <span class='ocrx_word' id='word_1_275' title='bbox 1217 3517 1274 3567; x_wconf 87' lang='lat' dir='ltr'>nat.</span> 
     </span>
     <span class='ocr_line' id='line_1_30' title="bbox 129 3598 1184 3670; baseline 0.002 -18"><span class='ocrx_word' id='word_1_276' title='bbox 129 3615 178 3654; x_wconf 84' lang='lat' dir='ltr'>rer.</span> <span class='ocrx_word' id='word_1_277' title='bbox 200 3602 241 3665; x_wconf 80' lang='lat'>14,</span> <span class='ocrx_word' id='word_1_278' title='bbox 261 3602 277 3654; x_wconf 81' lang='lat'><strong>2</strong></span> <span class='ocrx_word' id='word_1_279' title='bbox 332 3599 449 3654; x_wconf 80' lang='lat' dir='ltr'>201sid.</span> <span class='ocrx_word' id='word_1_280' title='bbox 470 3599 503 3653; x_wconf 88' lang='lat' dir='ltr'>de</span> <span class='ocrx_word' id='word_1_281' title='bbox 522 3603 579 3654; x_wconf 90' lang='lat' dir='ltr'>nat.</span> <span class='ocrx_word' id='word_1_282' title='bbox 598 3617 648 3655; x_wconf 90' lang='lat' dir='ltr'>rer.</span> <span class='ocrx_word' id='word_1_283' title='bbox 670 3601 711 3664; x_wconf 79' lang='lat'>12,</span> <span class='ocrx_word' id='word_1_284' title='bbox 730 3603 747 3654; x_wconf 87' lang='lat'>4</span> <span class='ocrx_word' id='word_1_285' title='bbox 802 3600 836 3654; x_wconf 83' lang='lat'>23</span> <span class='ocrx_word' id='word_1_286' title='bbox 856 3598 936 3668; x_wconf 82' lang='lat' dir='ltr'>Uerg.</span> <span class='ocrx_word' id='word_1_287' title='bbox 955 3599 1011 3653; x_wconf 83' lang='lat' dir='ltr'>Ecl.</span> <span class='ocrx_word' id='word_1_288' title='bbox 1032 3599 1070 3654; x_wconf 91' lang='lat' dir='ltr'>VI</span> <span class='ocrx_word' id='word_1_289' title='bbox 1090 3600 1124 3654; x_wconf 88' lang='lat'>33</span> <span class='ocrx_word' id='word_1_290' title='bbox 1144 3617 1184 3670; x_wconf 89' lang='lat' dir='ltr'>sq.</span> 
     </span>
    </p>
   </div>
   <div class='ocr_carea' id='block_1_4' title="bbox 129 3722 1275 4328">
    <p class='ocr_par' dir='ltr' id='par_1_4' title="bbox 130 3722 1275 3971">
     <span class='ocr_line' id='line_1_31' title="bbox 165 3722 1274 3792; baseline 0 -14"><span class='ocrx_word' id='word_1_291' title='bbox 165 3726 181 3778; x_wconf 83' lang='lat'><strong>5</strong></span> <span class='ocrx_word' id='word_1_292' title='bbox 201 3724 273 3777; x_wconf 91' lang='lat' dir='ltr'>orbis</span> <span class='ocrx_word' id='word_1_293' title='bbox 292 3724 377 3777; x_wconf 89' lang='lat' dir='ltr'>totius</span> <span class='ocrx_word' id='word_1_294' title='bbox 397 3723 469 3778; x_wconf 89' lang='lat' dir='ltr'>orbis</span> <span class='ocrx_word' id='word_1_295' title='bbox 488 3723 522 3788; x_wconf 89' lang='grc' dir='ltr'>Π,</span> <span class='ocrx_word' id='word_1_296' title='bbox 535 3723 606 3791; x_wconf 85' lang='lat' dir='ltr'>sort.</span> <span class='ocrx_word' id='word_1_297' title='bbox 625 3724 711 3776; x_wconf 80' lang='lat' dir='ltr'>totius</span> <span class='ocrx_word' id='word_1_298' title='bbox 730 3723 802 3777; x_wconf 89' lang='lat' dir='ltr'>orbis</span> <span class='ocrx_word' id='word_1_299' title='bbox 821 3722 994 3777; x_wconf 70' lang='lat' dir='ltr'>smibmdum</span> <span class='ocrx_word' id='word_1_300' title='bbox 1071 3724 1086 3776; x_wconf 79' lang='lat'><strong>7</strong></span> <span class='ocrx_word' id='word_1_301' title='bbox 1106 3723 1200 3792; x_wconf 87' lang='lat' dir='ltr'>utique</span> <span class='ocrx_word' id='word_1_302' title='bbox 1220 3741 1274 3778; x_wconf 88' lang='lat' dir='ltr'>non</span> 
     </span>
     <span class='ocr_line' id='line_1_32' title="bbox 130 3809 1275 3877; baseline 0 -11"><span class='ocrx_word' id='word_1_303' title='bbox 130 3811 232 3866; x_wconf 88' lang='lat' dir='ltr'>desinit</span> <span class='ocrx_word' id='word_1_304' title='bbox 250 3813 282 3866; x_wconf 80' lang='lat' dir='ltr'>in</span> <span class='ocrx_word' id='word_1_305' title='bbox 300 3829 355 3868; x_wconf 86' lang='lat' dir='ltr'>ras.</span> <span class='ocrx_word' id='word_1_306' title='bbox 375 3818 417 3866; x_wconf 81' lang='lat' dir='ltr'>ml</span> <span class='ocrx_word' id='word_1_307' title='bbox 438 3812 461 3866; x_wconf 82' lang='lat'><em>0</em></span> <span class='ocrx_word' id='word_1_308' title='bbox 549 3813 566 3866; x_wconf 80' lang='lat'><em>8</em></span> <span class='ocrx_word' id='word_1_309' title='bbox 586 3813 690 3866; x_wconf 87' lang='lat' dir='ltr'>auritur</span> <span class='ocrx_word' id='word_1_310' title='bbox 708 3809 732 3863; x_wconf 90' lang='grc' dir='ltr'>Π</span> <span class='ocrx_word' id='word_1_311' title='bbox 752 3817 833 3877; x_wconf 84' lang='lat' dir='ltr'>(corr.</span> <span class='ocrx_word' id='word_1_312' title='bbox 852 3815 900 3865; x_wconf 85' lang='lat' dir='ltr'>m2</span> <span class='ocrx_word' id='word_1_313' title='bbox 920 3811 955 3877; x_wconf 85' lang='lat' dir='ltr'>G)</span> <span class='ocrx_word' id='word_1_314' title='bbox 1053 3810 1189 3865; x_wconf 87' lang='lat' dir='ltr'>discendit</span> <span class='ocrx_word' id='word_1_315' title='bbox 1211 3813 1275 3866; x_wconf 84' lang='lat' dir='ltr'>Oet</span> 
     </span>
     <span class='ocr_line' id='line_1_33' title="bbox 131 3900 1274 3971; baseline -0.001 -16"><span class='ocrx_word' id='word_1_316' title='bbox 131 3905 222 3968; x_wconf 89' lang='lat' dir='ltr'>(corr.)</span> <span class='ocrx_word' id='word_1_317' title='bbox 245 3900 270 3955; x_wconf 85' lang='lat' dir='ltr'><em>G</em></span> <span class='ocrx_word' id='word_1_318' title='bbox 290 3901 431 3955; x_wconf 88' lang='lat' dir='ltr'>discendet</span> <span class='ocrx_word' id='word_1_319' title='bbox 450 3903 530 3966; x_wconf 81' lang='lat' dir='ltr'>(corr.</span> <span class='ocrx_word' id='word_1_320' title='bbox 551 3900 702 3968; x_wconf 88' lang='lat' dir='ltr'>descendit)</span> <span class='ocrx_word' id='word_1_321' title='bbox 720 3901 748 3954; x_wconf 94' lang='lat' dir='ltr'><em>P</em></span> <span class='ocrx_word' id='word_1_322' title='bbox 824 3918 887 3970; x_wconf 81' lang='lat' dir='ltr'>ergo</span> <span class='ocrx_word' id='word_1_323' title='bbox 907 3917 977 3954; x_wconf 84' lang='lat' dir='ltr'>eras.</span> <span class='ocrx_word' id='word_1_324' title='bbox 999 3900 1022 3953; x_wconf 85' lang='lat' dir='ltr'><em>C</em></span> <span class='ocrx_word' id='word_1_325' title='bbox 1110 3901 1126 3954; x_wconf 85' lang='lat'>9</span> <span class='ocrx_word' id='word_1_326' title='bbox 1146 3917 1228 3971; x_wconf 91' lang='lat' dir='ltr'>super</span> <span class='ocrx_word' id='word_1_327' title='bbox 1249 3900 1274 3954; x_wconf 85' lang='lat' dir='ltr'><em>G</em></span> 
     </span>
    </p>

    <p class='ocr_par' dir='ltr' id='par_1_5' title="bbox 168 3989 1275 4060">
     <span class='ocr_line' id='line_1_34' title="bbox 168 3989 1275 4060; baseline -0.001 -16"><span class='ocrx_word' id='word_1_328' title='bbox 168 3989 305 4045; x_wconf 87' lang='lat' dir='ltr'>discindat</span> <span class='ocrx_word' id='word_1_329' title='bbox 326 3990 350 4043; x_wconf 84' lang='lat' dir='ltr'><strong><em>C</em></strong></span> <span class='ocrx_word' id='word_1_330' title='bbox 367 3989 514 4045; x_wconf 84' lang='lat' dir='ltr'>descendat</span> <span class='ocrx_word' id='word_1_331' title='bbox 534 3993 559 4054; x_wconf 82' lang='lat' dir='ltr'>(e</span> <span class='ocrx_word' id='word_1_332' title='bbox 572 4007 618 4059; x_wconf 79' lang='lat' dir='ltr'>pr.</span> <span class='ocrx_word' id='word_1_333' title='bbox 639 4006 671 4045; x_wconf 78' lang='lat' dir='ltr'>erc</span> <span class='ocrx_word' id='word_1_334' title='bbox 689 3990 709 4060; x_wconf 93' lang='lat' dir='ltr'>i)</span> <span class='ocrx_word' id='word_1_335' title='bbox 730 3990 756 4045; x_wconf 80' lang='grc' dir='ltr'>θ</span> <span class='ocrx_word' id='word_1_336' title='bbox 821 3991 854 4044; x_wconf 89' lang='grc'>10</span> <span class='ocrx_word' id='word_1_337' title='bbox 873 4007 954 4060; x_wconf 84' lang='lat' dir='ltr'>supra</span> <span class='ocrx_word' id='word_1_338' title='bbox 971 3989 1004 4043; x_wconf 86' lang='lat' dir='ltr'><strong><em>N</em></strong></span> <span class='ocrx_word' id='word_1_339' title='bbox 1074 3990 1107 4044; x_wconf 82' lang='lat'>15</span> <span class='ocrx_word' id='word_1_340' title='bbox 1126 3991 1153 4043; x_wconf 91' lang='lat' dir='ltr'>in</span> <span class='ocrx_word' id='word_1_341' title='bbox 1175 3990 1275 4043; x_wconf 72' lang='lat' dir='ltr'>addidi</span> 
     </span>
    </p>

    <p class='ocr_par' dir='ltr' id='par_1_6' title="bbox 129 4077 1274 4328">
     <span class='ocr_line' id='line_1_35' title="bbox 164 4077 1274 4149; baseline -0.003 -15"><span class='ocrx_word' id='word_1_342' title='bbox 164 4079 239 4134; x_wconf 87' lang='lat' dir='ltr'>inani</span> <span class='ocrx_word' id='word_1_343' title='bbox 257 4079 316 4134; x_wconf 84' lang='lat' dir='ltr'>MS</span> <span class='ocrx_word' id='word_1_344' title='bbox 332 4080 419 4133; x_wconf 88' lang='lat' dir='ltr'>inanis</span> <span class='ocrx_word' id='word_1_345' title='bbox 438 4084 485 4134; x_wconf 86' lang='lat' dir='ltr'>cet.</span> <span class='ocrx_word' id='word_1_346' title='bbox 531 4079 563 4133; x_wconf 81' lang='lat'>18</span> <span class='ocrx_word' id='word_1_347' title='bbox 583 4080 641 4149; x_wconf 89' lang='lat' dir='ltr'>ipse</span> <span class='ocrx_word' id='word_1_348' title='bbox 660 4080 739 4149; x_wconf 75' lang='lat' dir='ltr'>(corr.</span> <span class='ocrx_word' id='word_1_349' title='bbox 757 4082 815 4144; x_wconf 87' lang='lat' dir='ltr'>m3)</span> <span class='ocrx_word' id='word_1_350' title='bbox 838 4078 862 4134; x_wconf 81' lang='lat'><em>0</em></span> <span class='ocrx_word' id='word_1_351' title='bbox 879 4084 958 4144; x_wconf 79' lang='lat' dir='ltr'>(corr.</span> <span class='ocrx_word' id='word_1_352' title='bbox 979 4081 1035 4144; x_wconf 79' lang='lat' dir='ltr'>m2)</span> <span class='ocrx_word' id='word_1_353' title='bbox 1058 4077 1112 4133; x_wconf 81' lang='lat' dir='ltr'>GP</span> <span class='ocrx_word' id='word_1_354' title='bbox 1146 4080 1181 4132; x_wconf 75' lang='lat'>24</span> <span class='ocrx_word' id='word_1_355' title='bbox 1199 4078 1274 4133; x_wconf 86' lang='lat' dir='ltr'>lacos</span> 
     </span>
     <span class='ocr_line' id='line_1_36' title="bbox 132 4166 1274 4239; baseline 0.001 -17"><span class='ocrx_word' id='word_1_356' title='bbox 132 4168 156 4222; x_wconf 78' lang='lat' dir='ltr'><em>C</em></span> <span class='ocrx_word' id='word_1_357' title='bbox 172 4175 198 4224; x_wconf 84' lang='lat' dir='ltr'>et</span> <span class='ocrx_word' id='word_1_358' title='bbox 217 4171 298 4235; x_wconf 75' lang='lat' dir='ltr'>(coer.</span> <span class='ocrx_word' id='word_1_359' title='bbox 316 4170 368 4239; x_wconf 77' lang='lat' dir='ltr'>mr)</span> <span class='ocrx_word' id='word_1_360' title='bbox 390 4167 443 4223; x_wconf 85' lang='lat' dir='ltr'>GP</span> <span class='ocrx_word' id='word_1_361' title='bbox 496 4169 529 4223; x_wconf 82' lang='lat'>27</span> <span class='ocrx_word' id='word_1_362' title='bbox 551 4170 778 4237; x_wconf 82' lang='lat' dir='ltr'>conquererentur</span> <span class='ocrx_word' id='word_1_363' title='bbox 799 4167 823 4223; x_wconf 84' lang='lat'><strong><em>0</em></strong></span> <span class='ocrx_word' id='word_1_364' title='bbox 841 4170 869 4235; x_wconf 93' lang='lat' dir='ltr'>(n</span> <span class='ocrx_word' id='word_1_365' title='bbox 888 4174 913 4221; x_wconf 88' lang='lat' dir='ltr'>et</span> <span class='ocrx_word' id='word_1_366' title='bbox 930 4182 1018 4236; x_wconf 81' lang='lat' dir='ltr'>repr.</span> <span class='ocrx_word' id='word_1_367' title='bbox 1038 4168 1120 4236; x_wconf 83' lang='lat' dir='ltr'>eras.)</span> <span class='ocrx_word' id='word_1_368' title='bbox 1138 4166 1164 4222; x_wconf 82' lang='lat' dir='ltr'><em>G</em></span> <span class='ocrx_word' id='word_1_369' title='bbox 1184 4172 1194 4233; x_wconf 96' lang='lat'>(</span> <span class='ocrx_word' id='word_1_370' title='bbox 1228 4185 1274 4237; x_wconf 82' lang='lat' dir='ltr'>pr.</span> 
     </span>
     <span class='ocr_line' id='line_1_37' title="bbox 129 4257 708 4328; baseline -0.003 -16"><span class='ocrx_word' id='word_1_371' title='bbox 129 4257 211 4326; x_wconf 81' lang='lat' dir='ltr'>eras.)</span> <span class='ocrx_word' id='word_1_372' title='bbox 229 4257 257 4310; x_wconf 91' lang='lat' dir='ltr'><strong><em>P</em></strong></span> <span class='ocrx_word' id='word_1_373' title='bbox 274 4257 295 4325; x_wconf 92' lang='lat' dir='ltr'>(i</span> <span class='ocrx_word' id='word_1_374' title='bbox 313 4272 334 4311; x_wconf 86' lang='lat' dir='ltr'>s.</span> <span class='ocrx_word' id='word_1_375' title='bbox 355 4261 440 4326; x_wconf 76' lang='lat' dir='ltr'>epe.)</span> <span class='ocrx_word' id='word_1_376' title='bbox 462 4259 662 4328; x_wconf 86' lang='lat' dir='ltr'>quoquerentur</span> <span class='ocrx_word' id='word_1_377' title='bbox 679 4257 708 4310; x_wconf 90' lang='lat' dir='ltr'><em>B</em></span> 
     </span>
    </p>
   </div>
   <div class='ocr_carea' id='block_1_5' title="bbox 0 0 1423 4822">
    <p class='ocr_par' dir='ltr' id='par_1_7' title="bbox 0 0 1423 4822">
     <span class='ocr_line' id='line_1_38' title="bbox 0 0 1423 4822; baseline 0 0"><span class='ocrx_word' id='word_1_378' title='bbox 0 0 1423 4822; x_wconf 95' lang='lat' dir='ltr'> </span> 
     </span>
    </p>
   </div>
  </div>
 </body>
</html>
