2836 4822
167 352 231 416 164
638 347 834 400 Ambrosii

166 545 316 627 potabilis
350 545 402 608 sit.
436 544 508 626 quis
542 548 647 608 autem
681 544 805 627 ignoret
829 543 912 626 quod
937 544 1031 608 etiam
1055 563 1195 625 eaquae
1219 544 1311 607 mari-

165 651 245 716 tima
281 654 355 714 sunt
390 650 481 732 aquis
519 651 703 732 plerumque
741 649 889 714 dulcibus
926 649 1143 714 delectentur?
1175 649 1309 732 denique

166 758 241 822 dum
274 758 404 821 fiumina
437 761 589 821 secuntur
620 762 653 821 et
675 756 715 820 ad
739 757 900 839 superiora
924 758 1107 834 ascendunt,
1131 758 1311 839 frequenter

165 865 260 929 alieni
291 865 394 947 pisoes
427 864 551 948 generis
584 865 752 947 capiuntur
782 864 813 927 in
845 864 962 927 fluuiis.
998 882 1070 928 oum
1103 864 1180 929 haee
1211 864 1310 948 igitur

164 991 261 1036 eausa
283 971 420 1035 Pontum
445 970 510 1034 illis
533 971 630 1034 faciat
654 972 822 1053 gratiorem
847 972 900 1034 uel
923 970 1007 1051 quod
1026 973 1134 1035 aestus
1154 975 1310 1055 temperet
1339 991 1352 1031 s

165 1079 327 1146 sollemnis
366 1079 433 1143 illio
470 1079 565 1142 flatus
604 1079 771 1160 aquilonis,
809 1083 877 1141 tum
919 1078 1152 1160 oportuniorem
1196 1079 1308 1143 ceteris

163 1187 315 1268 iudicant,
340 1188 371 1250 in
396 1207 458 1269 quo
483 1205 631 1270 generare
656 1189 688 1248 et
711 1189 821 1266 partus
844 1185 970 1267 possint
991 1184 1136 1267 proprios
1160 1186 1307 1262 enutrire,
1374 1184 1397 1238 C

164 1294 248 1377 quod
276 1295 377 1358 teneri
405 1294 490 1358 fetus
518 1294 658 1358 laborem
688 1293 808 1356 alienae
832 1291 970 1375 regionis
994 1293 1073 1356 ferre
1098 1291 1150 1356 uir
1173 1293 1307 1374 possint.

164 1421 242 1483 quos
266 1401 333 1465 illio
356 1401 446 1466 fouet
469 1401 549 1465 aeris
573 1399 688 1464 blanda
711 1399 887 1463 elementia.
912 1398 1019 1480 itaque
1037 1403 1163 1480 peraeto
1179 1418 1308 1463 munere

163 1528 272 1572 omnes
298 1508 393 1572 simul
418 1527 453 1573 eo
479 1527 541 1590 quo
566 1512 716 1571 uenerant
739 1507 865 1589 agmine
889 1509 1101 1569 reuertuntur.
1326 1522 1351 1562 ro

118 1603 161 1667 30
208 1613 369 1693 Quaenam
403 1614 466 1677 ista
499 1616 542 1678 sit
572 1614 652 1677 ratio
686 1613 932 1678 consideremus.
967 1613 1111 1676 obiectus
1139 1615 1189 1676 est
1212 1612 1306 1676 Ponti

162 1721 250 1785 sinus
283 1722 396 1786 boreae
430 1725 667 1803 oeterorumque
700 1725 866 1785 uentorum
900 1719 1143 1784 uiolentissimis
1166 1719 1305 1797 flatibua

161 1828 243 1893 unde
264 1829 291 1892 si
310 1829 416 1914 grauis
434 1828 502 1892 illio
521 1829 659 1908 procella
678 1828 763 1906 sarit,
784 1830 991 1911 tempestates
1011 1831 1189 1904 mouentur,
1209 1827 1255 1891 ita
1270 1830 1307 1890 ut

161 1936 199 2000 de
234 1937 388 2019 profundo
426 1936 540 1998 harena
575 1939 729 2013 uertatur,
767 1936 857 1999 euius
894 1936 941 1999 rei
975 1935 1091 1998 fluctus
1132 1933 1305 1998 harenosus
1372 1933 1396 1985 1)

160 2043 276 2108 indicio
301 2045 359 2117 est,
384 2042 438 2124 qui
461 2046 628 2106 uentorum
653 2046 741 2107 motu
765 2043 932 2126 insurgens
956 2042 1063 2122 altine,
1082 2046 1151 2106 tum
1169 2041 1305 2123 pondere
1325 2058 1350 2096 ¹⁵

161 2150 287 2234 grauior
329 2149 413 2213 haud
455 2149 550 2213 dubie
592 2169 652 2213 uon
696 2150 799 2214 solum
841 2148 1078 2233 nauigantibus,
1116 2149 1171 2213 sed
1208 2149 1304 2213 etiam

159 2256 327 2319 maritimis
347 2255 427 2338 ipsis
447 2255 661 2319 animantibus
680 2256 888 2320 intolerabilis
914 2256 1057 2320 habetur.
1073 2256 1197 2320 accedit
1214 2257 1304 2334 illud,

160 2363 244 2443 quod
268 2381 340 2426 euru
363 2361 500 2443 plurima
523 2365 555 2426 et
577 2363 713 2426 maxima
735 2362 837 2427 Ponto
861 2363 992 2427 flumina
1014 2363 1215 2437 misceantur,
1235 2368 1303 2427 tum

160 2468 288 2534 hiberno
322 2473 463 2551 tempore
497 2468 586 2533 sinus
619 2469 687 2551 ipse
720 2470 864 2553 frigidior
895 2474 927 2533 et
958 2473 1134 2535 torrentum
1166 2470 1305 2552 rigescat

160 2575 302 2658 adlapsu.
326 2579 492 2659 propterea
515 2576 620 2658 pisoes
645 2581 806 2658 tamquam
831 2576 941 2640 arbitri
970 2577 1159 2641 fluentorum
1184 2580 1303 2641 aestate
1322 2593 1350 2632 20

159 2681 224 2746 illie
257 2683 431 2766 asperantis
465 2703 558 2747 aurae
592 2685 793 2748 clementiam
826 2689 951 2765 captare
985 2688 1186 2760 consuerunt,
1211 2683 1302 2747 ouius

158 2790 348 2853 amoenitate
367 2790 522 2872 pertuuoti
543 2810 653 2855 rursus
674 2791 787 2854 hiemis
806 2810 917 2873 aspera
936 2791 1091 2854 declinare
1110 2790 1304 2855 contendunt
1371 2795 1394 2848 Ε

159 2901 191 2960 et
214 2896 469 2979 septentrionalis
494 2899 605 2980 plagae
630 2917 725 2962 saeua
748 2898 907 2981 fugientes
931 2898 961 2961 in
991 2898 1188 2980 reliquosse
1213 2898 1302 2961 sinus

158 3004 333 3075 conferunt,
358 3003 388 3066 in
422 3005 538 3085 quibus
568 3007 623 3068 aut
646 3007 814 3069 uentorum
838 3005 966 3068 mollior
990 3005 1033 3068 sit
1056 3004 1223 3087 placiditas
1249 3008 1304 3068 aut

158 3111 235 3174 solis
269 3111 371 3174 soleat
404 3129 533 3174 uernure
567 3111 746 3193 temperies.
781 3111 870 3175 nouit
901 3111 1001 3195 igitur
1032 3111 1128 3194 piscis
1161 3110 1301 3193 pariendi
1321 3128 1348 3165 2⁵

156 3218 294 3298 tempus,
320 3216 404 3298 quod
427 3237 483 3300 pro
507 3238 622 3301 magno
647 3218 798 3300 mysterio
823 3217 902 3281 dixit
926 3217 1106 3282 Solomonis
1135 3218 1302 3299 sapientia,

156 3323 246 3386 nouit
260 3326 387 3404 tempus
408 3324 501 3388 eundi
522 3328 617 3407 atque
636 3324 798 3402 redeundi}
818 3326 909 3389 nouit
927 3329 1054 3407 tempus
1074 3323 1302 3405 perfunctionis

247 3514 277 3566 ll
299 3513 360 3566 Bas.
382 3515 431 3569 157
451 3514 497 3570 BC
519 3517 562 3580 (67
582 3515 638 3583 BC)
694 3516 729 3568 26
749 3515 820 3569 Eeol.
841 3517 866 3580 3,
886 3517 902 3570 2

193 3636 204 3688 1
222 3637 259 3690 sit
271 3635 481 3693 (laurarum
497 3644 538 3692 est
553 3638 608 3702 VS,
622 3656 673 3694 om.
684 3640 717 3696 dt‘
754 3640 770 3694 3
786 3639 1097 3709 sequunturdM‘MSB
1136 3639 1263 3708 ligitur·
1280 3639 1304 3693 0

154 3725 277 3780 dealem.
298 3726 350 3778 nisi
370 3725 393 3777 11
451 3727 482 3781 10
502 3727 622 3797 agmine
644 3727 812 3797 Cuugmiue
827 3729 854 3782 P
867 3737 896 3796 (u
911 3735 982 3798 erp.)
1003 3729 1028 3780 V
1088 3731 1259 3782 reuertuntur
1279 3727 1304 3781 (Υ

154 3814 182 3883 (u
203 3813 252 3869 alt.
272 3815 303 3866 in
321 3819 389 3882 rus.)
474 3817 505 3870 13
526 3815 551 3870 si’
568 3833 618 3870 oar.
638 3817 735 3871 N¹MS
806 3818 873 3871 furit
895 3819 969 3872 Trec.
989 3818 1073 3871 fuerit
1086 3818 1114 3871 B
1132 3817 1214 3871 fuerit
1234 3815 1298 3871 etii

153 3903 220 3956 furit
239 3908 267 3956 et
283 3902 309 3957 G
329 3908 369 3968 (et
388 3918 469 3970 erae.)
490 3911 537 3959 cet.
592 3906 873 3963 transiturarum
890 3912 914 3959 et
932 3911 974 3959 ml
993 3905 1016 3960 S
1032 3909 1155 3959 uerrutur
1169 3904 1251 3960 Sm2
1268 3907 1300 3958 in

152 4009 203 4061 τηρ.
222 3993 262 4046 Μ’
328 3993 360 4046 16
379 3993 433 4047 hau
453 3994 533 4047 dubie
556 3995 640 4059 Gaul,
661 4013 694 4049 ac
711 3997 776 4061 fort.
795 3997 836 4049 aio
853 3996 962 4063 scripsit
980 3995 1143 4049 *tartaream
1207 3996 1239 4049 17
1257 3994 1298 4047 iu·

152 4081 313 4134 tollerabilis
335 4082 400 4136 Cet
420 4083 440 4146 (l
455 4098 498 4149 pr.
519 4082 638 4153 oepit}
712 4084 744 4138 18
764 4083 927 4137 cumom.il
1003 4084 1035 4137 19
1054 4082 1215 4136 torrentium
1240 4082 1302 4136 VM

152 4168 187 4222 20
206 4170 312 4223 arbitrii
332 4169 354 4222 11
376 4174 455 4237 (·tres
477 4171 574 4238 Gm2)
666 4173 698 4226 21
725 4178 924 4226 consueuerant
943 4172 1032 4226 rar-ox.
1123 4172 1157 4226 23
1177 4188 1255 4225 senas
1277 4170 1302 4223 (ἶ

152 4260 186 4314 26
205 4260 351 4314 solomonis
370 4261 407 4314 M
424 4262 544 4316 salomon
564 4263 592 4315 in
612 4261 635 4316 S
653 4263 798 4317 salomonis
819 4269 866 4320 cer.
