2836 4822
395 267 542 351 Exarueron
563 297 599 350 VI
618 301 643 359 5,
663 298 768 353 33-35
807 296 831 362 (Ι
853 299 901 351 lus
921 296 1014 364 B-r)
1225 302 1289 364 227

143 514 243 575 equus
268 495 337 559 eius
361 495 604 577 perterrefactus
628 497 734 558 tautae
758 493 879 558 bestiae
903 494 1089 559 inmanitate
1119 494 1291 578 diffugiat?

143 605 219 686 quid
246 602 344 667 faciat
373 601 569 685 sagittarius,
599 620 672 666 cum
697 600 833 684 desuper
856 602 971 666 ferrata
995 602 1136 665 uirorum
1160 621 1292 684 corpora

143 710 240 775 iaculi
263 709 365 773 ictum
390 709 506 773 sentire
531 727 591 772 non
615 707 750 791 possint,
774 709 879 773 bestia
904 728 1029 791 quoque
1054 728 1109 773 nec
1133 708 1219 773 nuda
1246 708 1291 771 f-

142 817 203 882 cile
243 816 450 899 penetrabilis
492 816 573 881 ferro
616 816 659 879 sit
696 820 728 879 et
764 814 889 880 munita
926 815 1032 880 loricis
1071 814 1182 880 obuias
1220 814 1289 880 sine

49 927 122 989 34³
143 924 193 988 sui
216 923 358 1005 periculo
383 924 467 987 acies
493 924 588 998 secet,
614 925 758 986 conterat
781 924 929 986 turmas?
952 922 1060 1004 itaque
1084 925 1120 985 ut
1147 923 1288 986 inmensa

142 1030 284 1094 aedificia
316 1030 361 1094 ita
393 1029 544 1094 lrelefanti
577 1028 791 1093 fundamentis
825 1028 1033 1094 ualidioribus
1072 1029 1287 1103 sustinentur;

141 1136 281 1219 alioquin
318 1136 482 1218 inparibus
523 1136 596 1200 fulti
638 1136 773 1219 pedibus
815 1135 897 1200 intra
937 1136 1066 1199 breuem
1106 1135 1333 1200 laberenturu

142 1249 288 1311 aetatem.
327 1265 410 1310 nune
447 1247 555 1309 autem
592 1245 742 1310 trecentis
781 1249 813 1309 et
849 1243 986 1326 amplius
1024 1243 1167 1307 feruntur
1199 1243 1287 1308 annis

141 1353 243 1417 uitam
271 1351 453 1436 producere,
484 1352 559 1434 quia
588 1351 692 1416 omnia
722 1350 783 1415 sibi
808 1350 846 1415 ad
870 1350 1123 1434 magnitudinem
1146 1349 1287 1414 membra

96 1480 122 1516 ιο
142 1458 346 1525 conueniunt.
383 1458 519 1540 ideoque
557 1476 617 1521 nou
657 1457 801 1521 distincti
839 1461 876 1521 ut
911 1457 1012 1535 nobis,
1052 1457 1107 1522 sed
1141 1456 1287 1539 conpacti

142 1568 229 1629 artus
271 1568 355 1640 sunt,
399 1584 460 1646 quo
503 1564 568 1629 siut
607 1564 814 1628 robustiores.
857 1582 950 1646 quarn
993 1564 1055 1628 cito
1093 1563 1284 1638 homiuibus,

141 1673 169 1736 si
207 1671 260 1736 diu
299 1671 446 1736 steterint
483 1675 539 1736 aut
575 1671 720 1735 uelocius
759 1671 953 1735 cucurrerint
984 1671 1038 1735 uel
1071 1670 1189 1753 iugiter
1221 1690 1284 1733 am-

140 1779 331 1855 lrulanem'nt,
378 1798 481 1863 genua
528 1782 680 1842 uerantur
726 1782 758 1842 et
802 1779 948 1860 plantae!
992 1777 1160 1842 coniuncta
1202 1775 1284 1840 enirn

140 1890 172 1949 et
218 1884 385 1949 articulata
426 1884 552 1948 facilius
595 1904 689 1967 quam
733 1888 876 1949 concreta
918 1889 1011 1966 atque
1054 1883 1189 1949 solidata
1230 1886 1285 1946 aut

48 1990 258 2057 cosdumis
297 2011 425 2056 sensum
459 1995 516 2055 aut
549 2010 676 2055 causam
711 1991 893 2056 offensionis
927 1991 1110 2055 admittunt.
1144 1994 1175 2055 et
1208 1989 1329 2071 quidl‘

139 2098 274 2173 miraris,
313 2098 340 2163 si
378 2098 488 2162 uestiti
525 2098 620 2161 armis
654 2098 814 2175 timentur,
849 2098 1103 2180 quandoquidem
1135 2095 1283 2161 dentibus

140 2205 207 2268 suis
244 2207 407 2285 tamquam
449 2205 648 2269 naturalibus
690 2204 823 2287 spiculis
866 2224 990 2287 semper
1031 2205 1141 2269 armati
1184 2208 1285 2269 sunt?

139 2311 337 2394 promuscide
374 2330 431 2375 sua
469 2311 625 2393 quidquid
661 2312 856 2377 inuoluerint
893 2313 1052 2396 frangunt,
1089 2310 1169 2395 pede
1207 2330 1283 2374 uero

139 2418 293 2500 quidquid
326 2418 558 2503 conpresserint
591 2419 683 2483 uelut
715 2418 851 2502 quodam
884 2421 976 2502 lapsu
1006 2419 1116 2482 ruinae
1144 2418 1283 2502 ingentis

91 2546 119 2585 20
139 2526 328 2590 exanimant.
373 2526 545 2590 inuoluunt
589 2525 788 2607 promuscide
833 2545 961 2589 nemora
1002 2525 1041 2590 ad
1083 2524 1134 2589 sui
1177 2543 1280 2589 escam

138 2637 170 2696 et
198 2632 290 2714 qrrasi
318 2631 446 2715 quidam
471 2632 621 2696 altissimi
646 2631 798 2697 dracones
822 2632 1012 2715 serpentinis
1037 2651 1117 2714 quos
1142 2632 1282 2715 ceperint

138 2738 231 2821 spiris
260 2739 433 2823 flagellant.
463 2741 650 2821 plerumque
680 2758 734 2803 eas
762 2739 794 2802 in
824 2738 931 2803 orbern
957 2739 1122 2822 eolligunt,
1147 2738 1281 2802 maxime

137 2865 210 2909 cunr
244 2845 281 2910 de
314 2850 397 2910 terra
430 2845 520 2909 cibus
553 2845 672 2930 legitur
701 2849 757 2910 aut
784 2850 880 2928 potus
909 2845 1063 2909 hauritur.
1093 2845 1280 2909 documento

136 2952 244 3034 itaque
283 2952 373 3017 nobis
411 2955 495 3028 sunt,
529 2951 614 3033 qarod
647 2952 726 3015 nihil
760 2952 956 3034 superfluum
990 2952 1033 3016 sit
1065 2956 1215 3016 creatum.
1250 2954 1282 3015 et

226 3197 242 3249 a
262 3196 322 3249 aas.
343 3196 393 3250 aor
413 3194 460 3249 su
480 3195 525 3264 (aa
545 3195 577 3262 u,
595 3195 630 3250 sc
649 3196 684 3265 r)
734 3195 831 3248 eoas.
851 3194 901 3250 aar
922 3194 945 3248 u
966 3195 1011 3259 (ss
1031 3194 1064 3261 Β)

174 3321 185 3373 l
206 3324 326 3389 perterre
346 3324 408 3381 (our.
427 3319 527 3385 factus)
550 3319 573 3372 C
644 3319 770 3389 diffugiat
789 3319 812 3375 S
828 3325 854 3374 et
872 3320 900 3373 B
914 3323 960 3373 ur2
978 3319 1096 3388 clifugiat
1115 3320 1193 3373 Bml
1211 3321 1282 3374 etM

136 3407 429 3478 n12dcfugiatdlmf
447 3414 493 3462 cet.
561 3411 578 3461 4
597 3408 679 3462 obuia
697 3407 720 3459 Il
741 3427 794 3476 pas
815 3409 907 3477 cmo)
971 3413 987 3464 5
1007 3414 1081 3464 secet
1099 3410 1187 3463 IIMB
1205 3418 1280 3463 secet

135 3504 163 3552 et
182 3497 244 3552 N'S
303 3499 319 3551 6
338 3496 471 3551 helefanti
493 3496 645 3551 Gelefantl
667 3497 692 3552 G
712 3499 738 3568 (e
758 3499 807 3552 alt.
827 3515 860 3552 erc
879 3500 898 3564 i)
919 3505 965 3553 cet.
1028 3499 1044 3553 8
1064 3503 1092 3552 et
1112 3504 1204 3564 (crus)
1224 3506 1278 3551 trc-

133 3588 220 3640 ccntis
239 3586 267 3641 Β
349 3586 382 3639 10
401 3586 524 3640 distincti
546 3587 612 3650 Clu
630 3603 651 3641 s.
673 3588 710 3655 u.)
784 3589 919 3657 curnpacti
941 3588 964 3640 C
1036 3588 1065 3641 ll
1088 3604 1141 3656 quo
1161 3589 1216 3650 sint
1235 3605 1277 3640 ro·

132 3675 269 3728 bustiores
287 3690 307 3728 s.
327 3692 353 3727 u.
377 3674 400 3728 C
437 3677 469 3728 14
489 3680 631 3728 concreata
652 3675 674 3727 C
691 3679 716 3728 et
736 3679 821 3744 (apr.
841 3677 913 3744 exp.)
929 3677 982 3730 GP
1000 3682 1090 3730 creata
1110 3676 1133 3728 V
1169 3677 1201 3729 17
1217 3693 1277 3745 spe·

132 3765 200 3817 culis
220 3761 243 3815 ll
264 3768 345 3828 (corr.
364 3768 412 3816 m?
432 3762 469 3832 G)
563 3765 594 3816 18
614 3763 783 3833 promuscide
803 3769 849 3817 m2
865 3765 919 3818 GP
930 3772 954 3818 ct
973 3778 1000 3820 la
1019 3769 1065 3818 νηὶ)
1083 3782 1104 3821 s.
1125 3770 1149 3829 e)
1169 3765 1196 3817 B
1215 3782 1276 3833 pro-

132 3851 254 3906 muscida
272 3854 296 3908 sl
317 3851 374 3917 (de
393 3855 449 3919 mQ)
469 3852 512 3906 Μ’
531 3852 718 3922 promuschidc
737 3853 768 3907 ⁸21⁴
837 3871 900 3906 uero
920 3871 970 3906 our.
995 3853 1049 3907 VN
1100 3854 1131 3906 lo
1151 3852 1233 3906 uelud
1255 3854 1279 3901 (Υ

168 3943 260 4010 lapsus
281 3947 304 4007 (s
324 3947 405 4007 erus.)
427 3941 483 4004 ΟΡ,
504 3946 616 4010 (serp.)
640 3942 666 3996 G
739 3942 773 3996 20
793 3942 953 4012 proruoscidi
975 3944 998 3996 C
1015 3942 1182 4013 promoscide
1207 3942 1232 3994 V
1248 3950 1275 4009 (o

131 4032 180 4083 ult.
202 4031 232 4084 iu
251 4038 318 4095 roc.)
337 4030 506 4100 promuscide
525 4030 562 4083 N¹
582 4037 606 4085 et
626 4034 672 4085 m2
693 4030 746 4084 GP
764 4031 960 4100 proboscich
1030 4048 1090 4085 esca
1105 4031 1154 4084 CV
1173 4036 1234 4083 esca
1251 4030 1275 4084 G

130 4124 190 4184 (ow
204 4136 237 4172 esc
251 4125 305 4184 sca)
344 4122 377 4174 23
393 4121 496 4173 auritur
513 4120 589 4174 (ΤΡΥ
601 4126 626 4174 et
642 4134 722 4181 (corr.
737 4123 794 4185 2122)
813 4120 866 4173 GR
886 4123 1004 4174 aurietur
1017 4123 1042 4178 u
1061 4121 1146 4191 (haur.
1161 4123 1217 4185 m2)
1232 4119 1275 4173 Μ’

166 4207 329 4261 docnrnentu
351 4208 404 4261 (JV
419 4216 462 4262 ·tu
485 4208 537 4261 GP

1190 4316 1238 4370 15⁸
