2836 4822
140 334 182 397 90
611 329 808 383 Ambrosii

139 545 273 610 regnum
298 525 358 602 dei,
386 520 652 608 quemadmodum
677 525 704 590 si
728 525 782 607 qni
802 524 898 590 iactet
917 544 1024 590 semen
1050 544 1145 608 super
1169 528 1283 589 terram

141 636 180 699 et
204 633 432 699 obdormiat
450 631 555 714 iuquit
574 634 613 696 et
637 636 780 717 surgat
802 637 921 697 nocte
941 634 980 696 et
999 632 1072 707 die,
1093 635 1130 696 et
1149 651 1283 696 semen

141 740 341 824 germinet
364 744 404 803 et
425 739 643 811 increscat,
670 739 757 803 dum
782 740 918 804 nescit
940 740 1024 803 ille.
1044 740 1155 804 ultro
1175 743 1286 804 terra

140 847 376 912 fructificat
407 846 534 929 primo
568 846 740 923 herbam,
775 845 918 911 deinde
948 846 1110 929 spicam,
1142 845 1285 911 deinde

140 953 298 1037 plenum
340 953 527 1018 triticum
569 952 607 1017 in
654 953 777 1036 spica.
825 956 865 1017 et
910 972 994 1017 curn
1040 952 1326 1035 produxerite

140 1061 330 1139 fructum,
374 1059 515 1125 statim
558 1060 692 1124 mittit
729 1061 886 1136 falcem,
933 1061 1120 1142 qnoniam
1167 1059 1286 1124 adest

140 1167 298 1234 messis.
323 1168 498 1232 dormiente
518 1169 549 1231 te
569 1166 678 1251 igitur,
697 1167 803 1245 bomo,
824 1172 856 1231 et
879 1167 1037 1231 nesciente
1061 1166 1183 1232 fructus
1208 1184 1285 1230 suos

140 1273 223 1338 ultro
248 1276 331 1338 terra
353 1273 509 1356 producit.
535 1272 653 1337 dormis
677 1276 710 1338 et
733 1273 838 1357 surgis
863 1275 895 1337 et
917 1272 1067 1337 immenti
1085 1291 1141 1355 per
1159 1277 1285 1337 noctem

140 1380 334 1445 incrementa
357 1379 491 1445 miraris.

7 1491 115 1574 11,47
184 1486 328 1552 Diximus
358 1486 395 1553 de
424 1487 521 1552 herba
548 1487 640 1564 faeni,
671 1506 753 1551 nunc
777 1486 920 1551 dicamus
944 1486 982 1550 de
1005 1486 1093 1570 ligno
1117 1486 1283 1551 fructuoso
1304 1508 1329 1548 10

140 1594 275 1659 faciente
303 1593 442 1658 fructum
470 1594 645 1658 secundnm
674 1613 784 1676 genus,
814 1593 931 1659 cuius
960 1613 1092 1658 semen
1123 1593 1210 1658 eius
1244 1594 1283 1657 in

139 1701 238 1784 ipso.
269 1700 347 1765 dixit
375 1704 407 1765 et
433 1700 517 1765 iacta
544 1705 620 1765 sunt
648 1702 680 1765 et
708 1699 814 1764 subito
838 1702 876 1763 ut
901 1719 996 1783 supra
1019 1700 1148 1764 floribus
1173 1699 1284 1765 herba·
1346 1718 1348 1723 ·

139 1805 272 1889 rumque
295 1806 512 1872 uiriditatibus
535 1807 581 1871 ita
603 1807 655 1871 bic
679 1806 860 1872 nemoribus
885 1810 967 1871 terra
989 1806 1108 1872 uestita
1128 1811 1185 1872 est.
1212 1825 1284 1871 corr·

140 1915 303 1979 currerunt
326 1914 462 1991 arbores,
482 1918 743 1979 consurrexerunt
762 1914 874 1988 siluae,
894 1913 1029 1979 uertices
1048 1916 1177 1997 repente
1196 1933 1285 1978 mon·

139 2021 220 2085 tium
235 2019 449 2086 fronduemnt.
465 2021 538 2085 binc
552 2021 656 2105 pinus,
672 2020 746 2085 binc
763 2040 931 2104 cypressus
945 2020 976 2084 in
988 2020 1053 2084 alta
1063 2039 1096 2084 sa
1107 2021 1287 2084 extulerunt
1307 2043 1331 2081 n

140 2127 312 2205 cacumina,
350 2127 452 2191 caedri
485 2131 517 2192 et
547 2128 654 2211 piceae
688 2130 910 2192 conuenerunt.
946 2127 1031 2190 abies
1065 2144 1190 2208 quoque
1224 2145 1285 2190 non

140 2235 287 2298 contenta
318 2233 449 2299 terrenis
484 2233 643 2298 radicibus
677 2238 770 2316 atqua
804 2234 886 2299 aerio
919 2233 1038 2298 uertice
1068 2232 1161 2297 etiarn
1190 2251 1285 2297 casus

139 2338 277 2405 marinos
307 2343 377 2405 tuto
407 2340 552 2405 subitura
579 2341 711 2424 remigio
742 2360 798 2405 nec
826 2340 930 2405 solum
958 2339 1074 2417 uentis,
1104 2339 1160 2404 sed
1188 2339 1285 2403 etiam

139 2446 290 2511 tluctibus
328 2450 485 2512 certatura
520 2447 685 2530 prooessit.
723 2466 781 2512 nec
812 2467 872 2513 nou
906 2449 938 2511 et
968 2447 1077 2511 laurus
1111 2446 1285 2530 adsurgens

139 2553 267 2618 odorem
282 2572 376 2618 suum
397 2553 483 2618 dedit
502 2573 674 2636 numquam
694 2573 752 2619 suo
773 2553 913 2618 exurenda
931 2553 1096 2618 uelamine.
1115 2551 1286 2618 umbrosae
1305 2582 1333 2622 ao

140 2678 265 2741 quoque
288 2658 378 2723 ilices
403 2659 552 2723 uerticem
578 2659 780 2742 protulerunt
802 2660 1015 2724 inhorrentem
1039 2678 1161 2725 comam
1180 2660 1286 2724 biber·

138 2765 187 2828 nis
211 2784 336 2848 quoque
360 2766 556 2847 temporibus
581 2770 772 2832 seruaturus.
798 2766 857 2831 hoc
881 2766 1013 2830 enimin
1033 2765 1169 2850 singulis
1188 2764 1286 2849 priui-

137 2869 260 2956 legium
288 2875 400 2936 natura
428 2872 530 2936 tenuit
553 2873 585 2936 in
609 2872 777 2955 reliquum,
803 2871 888 2954 quod
911 2873 970 2937 sub
994 2873 1059 2937 ictu
1083 2873 1193 2937 mundi
1217 2894 1285 2938 sur-

230 3117 262 3171 ro
286 3114 352 3173 oen.
378 3117 401 3181 1,
427 3118 457 3170 ιι
483 3117 545 3170 aas.
571 3116 622 3170 ros
646 3117 669 3170 a
693 3119 739 3188 (44
763 3116 823 3184 aa)
918 3117 949 3170 15
974 3117 1036 3170 aas.
1064 3116 1114 3172 ros
1137 3118 1159 3172 n
1184 3120 1231 3186 (14
1250 3118 1284 3185 a)

175 3267 188 3319 1
209 3266 232 3319 si
253 3266 298 3335 qui
318 3266 403 3319 iactet
420 3264 463 3319 Μ’
482 3266 585 3333 siquis
606 3268 630 3332 (s
648 3282 668 3320 s.
690 3283 717 3318 u.
737 3268 772 3332 u)
800 3267 886 3320 iactet
903 3265 965 3323 ‘atat‘
983 3267 1006 3320 si
1024 3267 1106 3321 homo
1125 3267 1210 3322 iactet
1228 3267 1288 3322 MS

139 3355 162 3408 si
181 3355 265 3408 iactet
284 3354 362 3407 bomo
381 3354 409 3406 B
428 3355 511 3408 iactes
531 3352 554 3405 ll
575 3355 671 3420 (iactet
692 3354 783 3424 (11112)
891 3357 907 3410 2
937 3362 1031 3426 surgat
1050 3353 1074 3407 ss
1100 3361 1226 3425 exsurgat
1244 3357 1284 3410 ΙΨ

138 3448 251 3512 exurgat
269 3448 317 3496 cet.
363 3442 531 3496 3increscat
549 3443 575 3512 (e
595 3460 628 3497 cx
646 3444 665 3508 i)
689 3443 767 3496 01113
788 3442 871 3498 (11112
934 3445 1006 3498 ultro
1027 3445 1098 3498 enim
1117 3444 1150 3498 N
1190 3444 1283 3498 'ider-

138 3532 238 3585 micnta
258 3528 281 3581 ll
302 3529 447 3585 dormienti
465 3530 498 3584 Ν
607 3535 635 3584 tc
655 3532 697 3596 (iu
714 3548 771 3585 ras.
793 3533 827 3597 (5)
846 3533 931 3601 igitur
954 3534 1036 3587 (ch
1051 3534 1136 3603 igitur
1154 3533 1181 3586 P
1197 3533 1284 3603 igitur

137 3620 190 3673 tibi
208 3619 241 3674 N
328 3619 442 3673 ohomo
462 3619 546 3674 MSB
632 3620 769 3674 nesciente
792 3621 815 3673 (³
831 3625 878 3674 m3
900 3621 984 3674 GPV
999 3622 1131 3676 nescienti
1152 3622 1234 3677 Uml
1253 3623 1284 3675 N

138 3709 244 3763 dultro
267 3709 333 3777 Clo
352 3709 383 3762 ia
403 3712 470 3775 rus.)
522 3708 718 3762 llincrirnenta
739 3708 1020 3780 Cet(corr.m1)P
1069 3710 1103 3763 10
1121 3726 1192 3763 nunc
1213 3710 1237 3761 (Γ
1255 3716 1283 3777 (n

139 3799 187 3854 ult.
206 3815 227 3852 s.
246 3814 273 3851 u.
294 3798 350 3866 ms)
405 3797 546 3851 fructuosa
566 3801 645 3862 (corr.
665 3801 723 3853 m3l
742 3797 766 3851 O
783 3801 863 3861 (corr.
882 3802 939 3863 m2)
959 3797 1012 3851 GP
1050 3799 1079 3850 ll
1100 3798 1217 3853 iaciente
1233 3799 1281 3853 SB

138 3893 163 3940 ct
182 3891 228 3940 1112
246 3888 269 3942 al
288 3886 389 3940 iaciens
408 3888 432 3943 a
450 3891 492 3939 ml
509 3885 552 3939 Μ’
572 3886 718 3940 facientem
735 3887 771 3939 M
788 3892 825 3950 <nr
845 3893 915 3955 exp.)
936 3892 983 3941 ccl.
1039 3889 1074 3940 14
1092 3903 1281 3942 consurrexere

136 3974 236 4029 N'MS
306 3976 338 4030 15
358 3974 547 4029 frondiderunt
568 3974 592 4028 C
608 3980 688 4039 (corr.
709 3978 765 4039 m3)
789 3975 813 4028 G
833 3976 912 4045 (corr.
932 3978 989 4037 m2)
1010 3975 1197 4030 ironrliucrunt
1216 3977 1243 4030 P
1262 3977 1281 4035 (1

137 4069 218 4132 eruo.)
238 4064 264 4118 V
334 4080 475 4133 cupressus
490 4063 527 4117 M
544 4066 571 4131 (ιι
586 4080 631 4132 pr.
651 4063 810 4128 1111111111
867 4067 898 4119 16
918 4064 990 4118 cedri
1010 4065 1105 4121 Vnam
1121 4065 1211 4119 chedri
1229 4065 1283 4121 GP

58 4160 65 4174 ·
137 4153 168 4206 ‘21
190 4154 277 4207 illices
297 4152 320 4205 ll
340 4154 361 4217 ll
376 4169 419 4221 pr.
440 4158 521 4218 crus.)
597 4153 761 4207 inorrcntcm
776 4151 799 4204 ll
820 4159 901 4217 (corr.
919 4157 966 4206 m2
979 4154 1017 4217 P)
1074 4154 1107 4208 23
1127 4153 1238 4209 relicum
1259 4153 1285 4205 V

174 4243 223 4295 sub
244 4242 327 4296 ictnrn
349 4241 399 4295 GP
416 4240 566 4297 subiectum
590 4241 614 4293 G
635 4243 695 4305 (sub
715 4241 770 4297 ictu
790 4244 846 4308 m2)
872 4239 896 4294 V
