2836 4822
182 338 249 401 398
667 335 865 388 Ambrosii

180 530 355 594 confirmet.
385 530 469 612 quod
499 549 559 593 non
588 530 689 593 otiose
718 530 829 594 tritum
854 548 889 593 ne
914 529 1049 611 politum
1074 529 1272 611 accepimus,
1299 549 1337 594 eo

182 637 267 719 quod
299 635 484 701 caelestium
518 636 745 719 seripturarum
778 637 917 719 alloquia
949 636 1005 701 diu
1036 640 1137 701 terere
1166 655 1202 700 ac
1231 637 1335 720 polire

182 744 334 808 debemus
364 747 433 809 toto
462 745 565 808 animo
594 749 626 807 et
653 743 746 808 corde
770 727 943 823 neusantes,
969 746 1005 807 ut
1037 762 1135 808 sucus
1159 743 1215 808 ille
1240 744 1334 826 spiri-

182 851 255 915 talis
285 851 346 916 cibi
374 851 404 914 in
434 871 543 916 omnes
572 870 605 915 se
635 870 731 915 uenas
760 851 881 915 animae
910 849 1075 916 diffundat.
1099 869 1173 933 ergo
1197 850 1227 914 si
1251 853 1332 914 tam-
1390 857 1407 909 F

181 978 276 1039 quam
310 957 486 1040 pubescens
519 958 681 1022 adolescat
712 958 800 1032 tides,
834 976 913 1040 quae
946 956 1104 1021 defectum
1133 957 1331 1022 senescentis
1363 979 1373 1015 s

181 1064 361 1128 deuotionis
393 1065 519 1148 ableget
548 1067 580 1128 et
608 1064 874 1145 spiritu‘ferueat
900 1066 932 1127 et
960 1082 1097 1145 congrua
1124 1063 1330 1128 distinctione

180 1175 325 1234 teneatur
348 1191 496 1235 mensura
517 1171 678 1255 legitimae
703 1170 879 1246 diuisionis,
899 1175 932 1233 et
950 1170 1121 1234 assiduitas
1141 1171 1331 1235 conmendet

181 1277 325 1362 gratiam,
350 1281 425 1341 tuno
450 1277 485 1340 fit
508 1277 587 1340 illud
611 1277 729 1360 pingue
754 1281 786 1340 et
808 1280 969 1359 tamquam
995 1277 1116 1359 adipale
1135 1277 1329 1359 precationis

182 1404 293 1465 genus,
320 1385 356 1448 de
381 1403 443 1465 quo
468 1383 546 1448 dicit
568 1385 736 1467 propheta:
769 1385 1007 1469 inpinguasti
1036 1385 1072 1448 in
1101 1386 1183 1449 oleo
1213 1391 1329 1467 caput

181 1510 309 1556 meum.
343 1491 428 1555 sicut
461 1491 543 1553 enim
576 1491 649 1573 agni
683 1493 783 1555 multo
818 1493 899 1557 lacte
930 1493 1145 1576 pinguescunt
1176 1497 1209 1556 et
1242 1493 1330 1556 sicut
1350 1514 1371 1550 u

181 1616 257 1661 oues
292 1597 370 1661 bene
408 1601 517 1680 pastae
556 1597 646 1679 adipe
685 1598 795 1675 nitent,
833 1599 877 1662 ita
915 1600 1090 1681 apostolico
1123 1617 1200 1663 suco
1234 1602 1330 1681 pasta

124 1701 322 1768 23fidelium
345 1704 527 1787 pinguescit
550 1704 659 1768 oratio.
687 1705 799 1768 borum
824 1705 852 1768 si
876 1705 959 1769 desit
982 1705 1101 1788 aliquid
1124 1723 1205 1787 quae
1230 1725 1329 1788 supra

180 1812 326 1887 diximus,
364 1810 554 1875 sacrificium
592 1830 651 1875 non
688 1812 848 1892 probatur.
881 1811 1016 1895 ideoque
1049 1812 1169 1876 dictum
1203 1816 1254 1876 est
1287 1813 1328 1877 ad

180 1917 270 1983 Cain:
319 1917 349 1982 si
394 1921 495 1982 recte
539 1918 696 1995 offeras,
739 1939 808 1984 non
851 1924 954 1985 recte
996 1923 1121 1984 autem
1168 1919 1325 1986 diuidas
1369 1932 1410 1984 21¹,

178 2043 313 2105 numque
338 2023 475 2089 mundus
499 2025 567 2108 ipse
592 2026 741 2090 distincte
765 2027 869 2091 factus
892 2028 1019 2111 legitur,
1045 2046 1117 2091 cum
1140 2030 1227 2091 esset
1250 2030 1326 2092 ante
1348 2049 1371 2087 rs

178 2132 390 2214 incomposita
417 2152 489 2213 pars
519 2133 599 2210 eius,
629 2133 702 2215 quia
730 2136 829 2197 terra
858 2138 938 2198 erut
964 2134 1178 2199 inuisibilis
1209 2139 1245 2199 et
1274 2135 1328 2201 in·

177 2239 384 2320 conposita.
414 2259 526 2321 nempe
563 2241 615 2303 lur
653 2239 790 2323 primum
823 2241 906 2304 facta
938 2244 988 2304 est
1020 2245 1052 2305 et
1083 2241 1214 2306 uocauit
1245 2238 1354 2308 deus'

179 2348 282 2409 lucem
314 2350 345 2408 et
374 2347 533 2427 separauit
560 2345 638 2409 deus
667 2346 748 2409 inter
774 2346 879 2409 lucem
908 2349 940 2411 et
966 2348 1112 2412 tenebras
1136 2353 1168 2412 et
1191 2354 1327 2416 uocatae

177 2457 253 2515 sunt
284 2454 430 2516 tenebrae
464 2473 532 2517 nou,
567 2457 598 2516 et
631 2473 685 2535 per
713 2453 853 2517 ordinem
882 2453 1008 2538 singula
1035 2454 1119 2537 quod
1148 2456 1232 2520 facta
1260 2459 1329 2522 sint

177 2558 325 2641 legimus
364 2560 497 2637 caelum,
535 2563 627 2625 terra.
666 2560 752 2643 ligna
788 2561 960 2636 fructifera,
1000 2561 1149 2625 animalia
1185 2561 1325 2629 diuersa.
1346 2585 1371 2621 eu

177 2665 353 2729 distributa
385 2669 490 2730 autem
523 2672 598 2730 sunt
625 2668 746 2730 leuiora
775 2667 1002 2749 superioribus,
1032 2672 1069 2732 ut
1097 2688 1148 2733 aar
1177 2673 1209 2733 et
1238 2670 1325 2753 ignis

176 2775 209 2835 et
234 2773 379 2856 grauiora
406 2773 617 2849 inferioribus,
647 2775 706 2837 hoo
735 2777 785 2837 est
812 2794 893 2855 aqua
918 2777 950 2839 et
973 2778 1064 2840 terra.
1089 2775 1201 2858 utique
1226 2777 1324 2841 simul
1388 2785 1409 2838 Β

175 2880 282 2943 omniu
315 2880 381 2943 fieri
414 2880 522 2943 iubere
559 2880 664 2962 potuit
699 2880 788 2956 deus,
827 2881 883 2945 sed
921 2881 1155 2946 distinctionem
1195 2902 1326 2948 seruare

177 2987 301 3053 maluit,
327 3005 421 3066 quam
445 3005 501 3050 nos
525 2986 556 3048 iu
583 2986 729 3049 omnibus
754 2986 951 3050 imitaremur·
975 2987 1112 3070 negotiis
1136 2990 1169 3051 et
1187 2989 1328 3055 maxime

175 3094 206 3156 in
232 3092 508 3157 uicissitudinibus
534 3093 716 3174 gratiarum.
740 3093 771 3155 in
797 3093 913 3174 quibus
937 3112 998 3157 non
1022 3093 1099 3157 satis
1125 3097 1175 3158 est
1194 3095 1327 3162 reddere.
1344 3117 1370 3155 ss

176 3198 261 3280 quod
294 3200 462 3280 susceperis,
496 3200 551 3263 sed
585 3199 790 3263 conmendare
825 3200 908 3282 quod
936 3200 1057 3263 reddas.
1091 3218 1162 3264 narn
1192 3201 1221 3264 si
1250 3204 1326 3284 quis

175 3306 317 3369 debitum
355 3307 461 3369 soluat
498 3311 530 3370 et
566 3306 596 3369 iu
635 3307 795 3371 referendo
838 3307 934 3370 faciut
974 3307 1120 3370 iniuriam
1163 3307 1325 3385 creditori,

175 3412 405 3476 intolerabilius
434 3416 484 3475 est·
511 3414 622 3494 utique
651 3433 745 3494 quam
773 3432 833 3477 uon
862 3413 1037 3478 reddidisse
1066 3413 1150 3496 quod
1174 3414 1324 3480 debebat.

174 3539 235 3582 non
265 3537 338 3602 ergo
368 3520 528 3601 quantitas
557 3520 736 3597 solutionis
765 3521 820 3584 sed
848 3521 972 3585 unimus
1001 3521 1159 3585 reddentis
1189 3525 1223 3586 et
1245 3542 1324 3604 qua·

264 3764 279 3815 9
299 3762 397 3818 Psalm.
416 3761 494 3815 XXII
514 3765 529 3816 5
587 3763 618 3823 16
639 3761 704 3816 Gen.
728 3764 786 3826 1,·2
807 3781 864 3832 sqq.

212 3887 223 3938 1
246 3889 397 3955 accepimus
417 3886 501 3941 ΕΒΗ
520 3887 664 3955 accipimus
684 3888 711 3940 P
729 3888 749 3956 (i
763 3904 808 3955 pr.
829 3905 862 3942 ea
881 3888 905 3949 e)
925 3894 972 3941 cet.
1023 3888 1191 3943 2terrereS
1239 3891 1321 3944 bad-

174 3973 278 4027 nlescut
301 3974 378 4026 MM¹
487 3975 647 4027 senisceutis
671 3974 694 4029 S
783 3978 797 4027 7
822 3993 961 4030 mensurae
986 3976 1009 4031 S
1030 3985 1055 4041 (e
1080 3978 1129 4030 alt.
1153 3983 1237 4044 erae.)
1256 3979 1321 4033 PP'

170 4063 189 4114 9
209 4062 315 4130 profeta
329 4063 365 4115 M
416 4064 447 4115 12
467 4064 589 4132 superius
604 4064 661 4116 PV
709 4066 742 4116 14
761 4069 833 4117 recte
853 4068 954 4135 autem]
974 4083 1017 4119 rec
1036 4068 1074 4132 (te
1093 4069 1185 4120 autem
1204 4072 1269 4132 om.)
1286 4069 1324 4123 Μ

175 4151 208 4202 18
224 4157 293 4216 puto
313 4150 515 4208 lucem<diem>
563 4153 595 4205 21
618 4157 707 4205 autem
727 4169 776 4206 our¹
798 4154 823 4205 B
875 4157 908 4207 24
928 4155 1137 4208 imitaremusS
1190 4156 1226 4210 26
1245 4159 1321 4212 acci·

174 4238 245 4305 peris
265 4238 287 4290 b'
304 4239 385 4307 (corr.
401 4244 457 4305 oud)
477 4240 511 4293 M
566 4242 600 4294 ‘29
620 4245 648 4294 ot
666 4241 730 4309 Bp,
750 4258 800 4295 cm.
821 4248 867 4296 cet.
