2836 4822
394 333 542 386 Exarueron
560 333 574 387 I
593 335 617 392 7.
637 333 680 387 26.
699 334 733 386 27
770 332 795 403 (Ι
816 334 848 386 14
868 332 960 388 Ο-Ιῡ
979 335 1021 399 B).
1232 337 1274 397 25

133 530 268 594 risibilis
307 528 464 613 corporeis
503 529 605 593 oculis
643 549 713 594 esse
746 550 806 594 non
841 533 974 614 poterat,
1009 529 1275 612 quemadmodum

132 639 279 719 pleraque
303 637 334 700 in
359 635 514 720 profundo
540 654 694 718 aquarum
718 636 781 700 sita
799 637 907 701 uisum
927 637 1091 701 oculorum
1111 636 1275 718 aciemque

131 747 340 828 praetereunt.
374 762 435 808 non
470 743 554 807 enim
586 742 644 806 deo
678 743 799 825 aliquid
832 743 1005 820 inuisibile,
1041 743 1096 807 sed
1134 745 1277 808 creatura

132 851 239 915 mundi
263 854 423 915 creaturae
446 850 558 933 ntique
582 850 784 915 extimatione
810 854 965 915 censetur.
988 849 1161 914 inuisibilis
1180 849 1276 913 etiam

106 961 220 1032 eterra,
251 957 326 1041 quia
353 956 492 1021 nondum
521 958 574 1020 lux
603 957 917 1039 quas-inluminaret
944 957 1108 1023 mundum.
1136 956 1316 1022 nondumF

133 1066 196 1139 sol;
231 1067 343 1148 postea
376 1063 458 1127 enim
491 1063 663 1127 luminaria
692 1065 777 1128 facta
805 1067 880 1128 sunt
909 1064 998 1128 caeli.
1029 1063 1114 1147 quod
1142 1063 1170 1127 si
1198 1062 1276 1126 solis

132 1172 235 1236 radius
264 1171 451 1253 plerumque
481 1171 577 1235 etiam
607 1171 698 1253 aquis
728 1175 836 1254 operta
863 1171 1034 1235 inluminat
1062 1174 1093 1235 et
1121 1169 1275 1253 profundo

132 1297 232 1342 mersa
255 1277 423 1359 splendore
447 1276 578 1341 luminis
604 1277 655 1340 sui
679 1276 794 1358 prodit,
820 1277 891 1359 quis
917 1277 1043 1341 dubitet
1066 1276 1123 1341 deo
1143 1294 1277 1358 eaquae

132 1384 160 1447 in
191 1383 347 1466 profundo
382 1386 457 1447 sunt
488 1383 664 1447 inuisibilia
694 1402 764 1449 esse
794 1402 855 1448 non
884 1384 1006 1466 posse?
1033 1384 1095 1448 nisi
1123 1384 1203 1448 torte
1231 1382 1276 1444 sio

98 1510 118 1548 ιο
133 1491 324 1573 accipiamus
356 1489 550 1554 inuisibilem
580 1488 710 1567 tenum,
745 1490 830 1573 quod
863 1490 1002 1555 nondum
1035 1491 1132 1555 uerbo
1167 1488 1217 1553 dei
1246 1494 1278 1552 et

132 1598 325 1679 protectione
354 1597 548 1661 uisitabatnr
585 1615 664 1680 qnae
693 1597 855 1662 hominem
884 1617 943 1660 non
974 1597 1122 1673 habebat,
1150 1599 1278 1679 propter

133 1725 224 1786 quem
261 1704 409 1768 dominus
446 1704 618 1787 respiceret
654 1704 685 1767 in
724 1708 851 1779 terram,
888 1704 974 1768 sicut
1011 1703 1164 1786 scriptum
1208 1704 1274 1765 est:

134 1812 302 1876 dominus
326 1812 496 1894 respexit
520 1831 633 1893 super
657 1810 766 1876 filios
792 1810 998 1886 hominum,
1024 1810 1056 1874 si
1082 1813 1140 1874 est
1168 1807 1277 1872 intel·

133 1918 258 2003 legens
300 1922 365 1983 aut
405 1919 601 2002 requirens
644 1919 763 1983 deum.
802 1922 834 1981 et
872 1916 950 1981 alibi
989 1918 1054 1982 ait:
1092 1917 1134 1981 de
1172 1915 1276 1980 caelo

100 2020 323 2090 eiaculatus
356 2027 415 2089 est
442 2023 645 2089 iudicium:
675 2027 775 2088 terra
804 2023 963 2088 tremuit
992 2026 1027 2088 et
1057 2023 1216 2106 quieuit.
1246 2025 1279 2084 et

134 2133 241 2198 merito
271 2131 455 2208 inuisibilis,
485 2132 560 2214 quia
588 2131 796 2214 inconposita,
822 2150 901 2212 quae
926 2130 1060 2214 liguram
1084 2135 1116 2195 et
1139 2130 1278 2211 speeiem

66 2219 97 2284 27
135 2243 357 2324 congruentem
395 2238 496 2302 adhuc
533 2258 594 2303 non
632 2241 795 2319 acceperat
827 2257 844 2301 a
877 2237 1001 2321 proprio
1036 2237 1207 2301 conditore.
1240 2239 1272 2300 et
1293 2245 1362 2298 lon

136 2347 267 2411 tortasse
289 2346 414 2410 dicant:
440 2364 496 2409 cur
519 2345 602 2409 euim
628 2344 858 2408 deus-sicut
882 2344 960 2408 dixit
984 2343 1123 2408 attacta
1147 2347 1222 2407 sunt
1236 2379 1272 2389 —

135 2472 191 2517 non
220 2452 317 2518 simul
347 2454 475 2517 ornatus
504 2470 659 2535 congruos
694 2451 899 2534 surgentibus
934 2450 1066 2516 donauit
1098 2450 1275 2522 elementis,

98 2571 120 2609 ²⁰
135 2560 220 2641 quasi
245 2578 306 2623 non
331 2558 438 2642 potuit
461 2559 586 2623 caelum
609 2558 798 2642 insignitum
823 2557 926 2621 stellis
952 2557 1058 2621 subito
1079 2560 1115 2621 ut
1135 2560 1275 2621 creatum

137 2672 179 2730 est
207 2667 364 2750 refulgere
398 2670 430 2730 et
462 2665 592 2729 floribus
628 2684 663 2729 ac
697 2665 853 2729 fructibus
887 2668 970 2729 terra
1002 2664 1140 2728 riestiri?
1172 2664 1278 2746 potuit

136 2775 253 2856 utique,
277 2771 335 2837 sed
357 2772 428 2837 ideo
451 2771 553 2855 primo
578 2771 671 2850 facta,
696 2775 808 2853 postea
827 2771 992 2853 conposita
1011 2770 1218 2843 declarantur,
1239 2790 1277 2835 ne

136 2899 205 2946 uere
232 2880 371 2944 increata
400 2884 432 2943 et
460 2879 526 2943 sine
555 2877 709 2961 principio
739 2877 949 2955 crederentur,
975 2878 1002 2942 si
1027 2878 1148 2960 species
1172 2898 1275 2942 rerum

136 2989 222 3051 uelut
244 2987 443 3071 ingeneratae
468 2986 506 3049 ab
531 2985 633 3062 initio,
657 3005 718 3048 non
741 2987 852 3066 postea
877 2985 1002 3049 additae
1020 2984 1211 3048 uiderentur.
1231 2984 1316 3046 in-B

99 3102 120 3143 ²⁵
137 3092 298 3175 conposita
329 3095 412 3157 terra
443 3091 561 3174 legitur
595 3095 627 3154 et
658 3089 761 3155 isdem
790 3109 808 3153 a
837 3089 1050 3172 philosophie,
1079 3090 1276 3155 aeternitatis

137 3200 249 3279 quibus
277 3198 355 3263 deus
383 3198 562 3282 priuilegiis
591 3198 781 3263 honoratur:
806 3197 883 3278 quid
907 3197 1049 3263 dicerent
1072 3198 1098 3262 si
1124 3197 1161 3262 ab
1186 3198 1276 3262 initio

219 3403 320 3457 anas.
339 3406 373 3458 29
392 3405 446 3463 BC.
466 3406 500 3457 33
521 3405 550 3466 C.
569 3407 712 3471 36A(12
732 3407 762 3471 E,
783 3408 816 3460 14
835 3407 893 3465 DE,
915 3407 947 3461 15
966 3405 1025 3476 AB)
1127 3407 1159 3460 13
1178 3406 1277 3463 Psalnr.

137 3492 230 3548 xlll‘e
268 3494 571 3548 lapsurumve
611 3497 643 3550 18
657 3497 758 3550 Psalm.
774 3495 906 3549 xxxma
943 3495 1276 3563 aossasaanlmnp

168 3620 185 3672 2
203 3617 367 3688 profundum
388 3618 466 3673 CGP
541 3620 602 3673 uisu
623 3619 672 3672 GP
689 3626 713 3672 et
733 3621 811 3689 (corr.
830 3622 888 3685 m2)
911 3619 936 3673 G
1026 3621 1042 3674 3
1062 3625 1232 3690 praetereant
1252 3621 1277 3672 B

136 3708 343 3761 ruminatione
362 3714 405 3762 ml
417 3708 468 3762 CG
486 3708 670 3762 exitirnatione
689 3709 766 3762 Paul
790 3708 988 3761 existimatione
1010 3709 1088 3763 Cant)
1111 3709 1137 3762 V
1152 3710 1277 3763 aestima·

136 3795 208 3848 tione
230 3796 283 3850 GP
300 3799 347 3849 m2
366 3802 412 3850 cet.
523 3798 555 3851 13
570 3802 636 3865 post
654 3797 793 3850 hominum
814 3797 879 3850 add.
900 3801 930 3850 ut
951 3796 1057 3850 uideret
1075 3797 1098 3852 S
1113 3798 1145 3851 iu
1163 3815 1212 3866 neq.
1232 3803 1279 3851 ruf?

138 3886 167 3938 15
186 3886 281 3938 malim
301 3902 328 3938 es
349 3882 500 3955 (ἠκόντισας
514 3886 613 3951 1,Χῶ
652 3887 684 3939 17
705 3885 841 3955 acciperat
858 3886 881 3937 (l
899 3891 978 3950 (corr.
998 3890 1055 3953 m3)
1078 3886 1103 3940 G
1122 3888 1201 3956 (corr.
1221 3891 1277 3955 mah

139 3973 168 4026 19
186 3973 266 4026 rebus
286 3974 491 4042 assurgentibus
514 3974 597 4028 Grn2
617 3978 648 4040 (a,
667 3990 732 4036 rna,
751 3975 807 4042 suit
826 3975 1008 4043 surgentibus)
1027 3975 1124 4032 utum
1144 3980 1169 4029 ct
1188 3976 1278 4040 (rebus

137 4069 217 4128 erue)
239 4062 261 4116 S
279 4063 488 4133 adsurgentibus
507 4063 579 4117 M‘B
670 4063 704 4117 20
724 4066 813 4132 queasi
835 4064 854 4129 (i
875 4066 957 4130 eran.)
980 4063 1058 4117 r'GP
1160 4064 1279 4133 potuerit

138 4151 280 4212 Erasmus.
298 4159 369 4206 recte
383 4159 453 4221 puto
506 4153 540 4206 21
561 4152 665 4221 fulgere
690 4151 715 4203 l'
777 4154 811 4205 ‘25
830 4151 934 4206 hisdem
957 4153 1037 4208 (Ῥὶθ
1057 4155 1084 4207 et
1105 4152 1133 4218 (h
1152 4169 1172 4207 a.
1192 4154 1230 4220 u.)
1253 4152 1278 4206 G

137 4248 160 4293 et
179 4241 201 4294 S
217 4244 265 4294 m2
282 4241 319 4294 Μ
334 4240 430 4295 iisdem
455 4240 481 4293 V
498 4241 518 4308 (i
538 4241 586 4294 alt.
605 4257 627 4294 a.
646 4246 685 4308 u.)
758 4240 868 4294 filosofis
891 4240 940 4294 t'G
