2836 4822
337 333 485 387 Exameron
503 332 559 386 IIIl
578 335 602 387 6.
624 335 647 397 7,
668 334 710 388 28.
729 335 764 387 30
801 335 824 403 (Ι
843 335 877 387 75
895 335 993 389 D-to
1011 335 1057 403 D).
1199 339 1261 401 135

112 530 146 591 et
175 527 312 592 defectui
338 527 406 592 eius
431 528 656 611 conpatiuntur
680 528 835 592 elementa
859 533 891 593 et
914 548 1064 611 processu
1088 529 1157 593 eius
1182 549 1262 612 quae

113 638 190 698 sunt
222 635 377 699 exinanita
410 635 623 709 cumulantur,
657 640 694 700 ut
727 635 932 699 animantium
967 636 1141 707 cerebrum,
1170 636 1261 700 mari-

110 741 263 805 timorum
291 741 411 817 umida,
440 741 597 823 siquidem
620 741 777 823 pleniores
802 747 924 807 ostreae
948 743 1100 825 repperiri
1123 743 1263 808 ferantur

111 849 275 930 multaque
313 848 384 923 alia,
423 867 496 912 oum
533 849 647 932 globus
684 849 804 913 lunaris
842 849 1006 914 adolescit.
1044 849 1081 914 de
1115 849 1261 914 arborum

79 974 237 1036 equoque
274 955 405 1020 internis
443 956 527 1020 idem
566 956 705 1039 allegant
741 955 796 1037 qui
833 955 893 1020 hoo
929 974 991 1020 usu
1027 957 1153 1038 proprio
1187 958 1305 1021 oon-B

110 1066 268 1144 pererunt.
294 1062 439 1126 uidemus
464 1082 537 1145 ergo
564 1067 666 1126 ortum
693 1062 761 1125 eius
786 1066 818 1125 et
841 1062 1001 1126 defectum
1024 1063 1155 1127 rationis
1179 1082 1260 1139 esse,

110 1188 173 1233 non
206 1168 410 1233 infirmitatis.
444 1189 618 1252 numquam
651 1169 733 1233 enim
767 1172 886 1233 tantam
919 1188 1023 1233 rerum
1051 1171 1260 1234 mutationem

111 1277 210 1352 daret,
243 1276 303 1340 nisi
337 1280 549 1357 praestantem
577 1276 732 1340 uirtutem
760 1275 891 1339 haberet
919 1278 951 1339 et
979 1277 1112 1359 gratiam
1143 1296 1161 1340 a
1188 1296 1260 1342 oon-

42 1383 65 1445 ›0
111 1382 212 1446 ditare
232 1383 400 1447 conlatam.
420 1402 524 1447 aerem
540 1401 665 1465 quoque
680 1382 822 1447 nonnulli
839 1382 934 1446 etiam
951 1382 1035 1446 dooti
1050 1386 1083 1446 et
1097 1383 1260 1447 christiani

66 1514 91 1554 ιο
110 1488 172 1551 ariri
197 1487 416 1570 allegauerunt
440 1489 533 1552 lunae
558 1492 666 1552 exortu
692 1491 792 1554 solere
816 1490 943 1559 mutari,
969 1489 1025 1553 sed
1050 1490 1077 1553 si
1100 1490 1133 1554 id
1156 1495 1259 1554 muta·

109 1595 207 1659 tionis
235 1596 356 1659 lunaris
385 1596 519 1677 quadam
548 1589 637 1660 fieret
665 1596 827 1669 uiolentia,
857 1596 896 1659 ad
925 1615 1034 1660 omnes
1068 1596 1135 1661 eius
1170 1600 1258 1661 ortus

109 1703 302 1766 intexeretur
324 1701 461 1765 nubibus
487 1704 620 1776 caelum,
644 1702 773 1784 pluuiae
796 1701 1010 1767 funderentur.
1032 1703 1166 1785 denique
1186 1722 1258 1768 oum
1283 1712 1304 1769 c

111 1811 182 1873 ante
207 1808 274 1871 dies
299 1811 385 1872 esset
408 1827 510 1871 sermo
532 1807 569 1871 de
588 1808 710 1890 pluuia,
732 1828 812 1890 quae
832 1808 897 1873 lore
916 1809 1006 1874 utilis
1027 1809 1194 1887 diceretur,
1216 1811 1261 1874 ait

111 1915 258 1997 quidam:
285 1933 356 1978 ecoe
381 1915 545 1979 neomenia
563 1914 651 1978 dabit
670 1935 748 1978 eam.
770 1918 801 1979 et
821 1917 968 1997 quamuis
988 1916 1094 1999 cupidi
1115 1936 1258 1981 essemus

67 2046 91 2084 rs
110 2021 270 2096 imbrium,
304 2024 410 2085 tamen
444 2021 628 2086 huiusmodi
657 2021 852 2086 adsertiones
880 2041 972 2085 uerus
1002 2042 1072 2086 esse
1100 2022 1257 2089 nolebam.

111 2128 248 2209 denique
272 2128 448 2192 delectatus
473 2148 544 2192 sum
569 2128 655 2210 quod
678 2129 786 2192 nullus
811 2129 912 2192 imber
935 2129 1054 2193 effusus
1080 2134 1139 2208 est,
1160 2130 1258 2194 donec

110 2237 256 2318 precibus
289 2236 441 2299 ecelesiae
474 2235 567 2299 <latus
605 2235 822 2299 manifestaret
858 2254 918 2298 non
956 2235 994 2299 de
1030 2236 1130 2301 initiis
1164 2237 1257 2302 lunae

111 2361 183 2405 eum
223 2342 413 2423 sperandum
450 2361 531 2420 esse,
569 2342 625 2405 sed
662 2341 699 2404 de
736 2341 933 2423 prouidentia
971 2346 1003 2406 et
1043 2344 1258 2408 misericordia

111 2450 271 2514 creatoris.
315 2468 388 2512 sane
431 2448 531 2530 euripi
578 2468 651 2511 eum
698 2449 854 2512 exundent
899 2450 1036 2532 undique
1083 2451 1257 2515 seeundum

67 2580 92 2619 ro
110 2556 248 2637 reliquas
272 2556 394 2637 speeies
418 2556 510 2619 lunae
535 2560 566 2619 et
589 2560 736 2637 acceptos
760 2555 877 2619 deictus
901 2555 1068 2619 refundant
1091 2558 1144 2620 uel
1163 2558 1301 2623 etiamI)

110 2663 172 2743 ipsi
195 2681 310 2746 magno
335 2664 476 2726 ferantur
499 2662 630 2744 impetu,
654 2663 684 2726 in
710 2666 780 2726 ortu
806 2666 910 2725 tamen
935 2663 1003 2727 eius
1024 2666 1111 2727 stant
1129 2663 1256 2746 placidi,

111 2769 215 2851 quoad
238 2771 313 2833 luna
337 2769 404 2833 sine
427 2770 547 2833 lumine
572 2773 635 2839 est:
660 2772 692 2832 at
710 2788 785 2833 uero
805 2769 860 2833 ubi
880 2789 948 2833 eam
967 2770 1088 2833 dierum
1109 2789 1257 2835 secessus

109 2875 265 2950 retexerit,
298 2879 374 2938 tuno
408 2875 439 2938 in
473 2894 548 2939 suos
582 2894 695 2939 elusus
729 2875 844 2938 retluos
878 2882 1090 2941 reuertuntur.
1120 2878 1256 2961 ampotis

109 3000 245 3063 qnoque,
274 3000 354 3063 quae
382 2981 413 3044 in
439 2999 553 3045 oceano
579 3000 648 3045 esse
672 2981 866 3064 perhibetur.
892 3001 962 3046 oum
987 2984 1119 3066 reliquis
1144 2984 1256 3049 diebus

66 3114 91 3154 a>
109 3087 249 3152 ordinem
266 3108 360 3152 suum
376 3108 501 3152 seruare
517 3088 649 3164 dicatur,
669 3089 770 3151 lunari
791 3092 898 3153 exortu
919 3089 1049 3154 euidens
1068 3091 1256 3156 mutationis

200 3317 211 3365 l
233 3313 295 3366 Bae.
317 3315 368 3366 144
388 3316 410 3367 Α
431 3315 472 3378 (ul
495 3313 528 3377 A)
581 3316 597 3367 9
616 3314 678 3367 Bas.
701 3314 751 3367 144
766 3313 812 3368 BC
829 3315 871 3379 (61
894 3313 986 3379 A-e)
1043 3315 1075 3368 21
1096 3314 1177 3385 Uerg.
1197 3315 1254 3370 scr.

106 3400 187 3454 1126
242 3403 276 3455 23
296 3401 359 3454 Isid.
380 3402 412 3454 de.
434 3408 489 3454 nat.
510 3419 558 3455 rer.
579 3403 621 3461 40.
644 3404 655 3454 l

145 3526 156 3577 l
179 3524 286 3577 ‹leseetn
308 3525 360 3590 (-ui
380 3527 436 3593 rrae)
457 3526 482 3578 G
537 3526 553 3577 2
574 3532 636 3578 snrrt
658 3524 682 3578 (J
699 3526 753 3579 sint
775 3526 858 3579 GPV
874 3525 974 3579 suerint
992 3525 1025 3579 N
1077 3527 1253 3581 animantium

108 3616 153 3665 lan
172 3613 202 3665 iu
223 3629 277 3665 ras.
297 3614 381 3666 arrius
401 3614 464 3666 lilla
487 3613 510 3663 (”
599 3615 736 3667 cerebrum
756 3628 779 3680 (r
798 3615 839 3667 bis
853 3616 884 3666 in
904 3618 969 3679 ros.)
992 3618 1015 3663 (¹
1103 3620 1131 3669 et
1149 3616 1252 3669 mariti-

107 3718 209 3754 morum
228 3702 317 3755 Brut.
391 3704 407 3753 3
427 3702 538 3755 humida
557 3702 606 3756 SB
677 3703 800 3756 seruntur
821 3704 903 3757 Gom
921 3704 970 3757 ΕΒ
1042 3707 1106 3758 let
1125 3704 1158 3758 de
1176 3705 1213 3759 M
1230 3711 1254 3757 rt

108 3795 189 3855 (erae.
210 3790 290 3855 et)S
326 3791 478 3844 duidiruus
496 3791 574 3844 CGP
626 3792 734 3845 hortum
753 3793 801 3844 (Ῥ
819 3799 844 3846 el
864 3793 892 3858 elr
912 3794 1036 3864 erus.)(i
1074 3795 1255 3849 trebiatis

106 3880 122 3932 8
142 3897 157 3932 a
176 3896 227 3932 om.
250 3880 273 3932 (J
290 3879 324 3932 ad
346 3880 371 3933 G
391 3880 419 3935 ld
438 3898 496 3949 esp.
515 3886 582 3944 aare),
597 3882 666 3948 sort.
687 3881 720 3934 alr
759 3882 792 3935 10
811 3883 833 3935 si
854 3883 880 3935 in
899 3882 928 3935 id
949 3882 973 3935 C
1014 3885 1045 3937 15
1066 3884 1195 3938 eiusmodi
1215 3884 1252 3936 N‘

141 3968 303 4021 adsertionis
325 3966 347 4019 ll
366 3970 438 4037 (ores
457 3970 551 4027 rn2(1't
626 3987 705 4023 uerus
726 3970 748 4022 ll
768 3974 822 4039 (as
842 3976 889 4024 aaa>
905 3970 941 4039 G)
1024 3973 1056 4025 19
1077 3973 1162 4041 euripi
1185 3972 1251 4040 Clu

105 4073 137 4110 ea
155 4064 183 4125 p)
258 4059 292 4111 22
313 4058 415 4127 quomd
439 4058 507 4123 qu
527 4063 607 4123 erus.)
628 4059 803 4129 quoadusque
822 4060 860 4113 N‘
940 4062 973 4115 23
994 4063 1110 4131 ampotis
1130 4060 1188 4112 MS*
1205 4079 1251 4114 an·

105 4147 176 4216 potis
196 4145 218 4198 ll
239 4164 272 4200 an
292 4152 368 4216 potes
388 4148 483 4205 allus
502 4166 535 4201 an
555 4156 647 4219 potest
665 4151 698 4205 91¹
763 4153 796 4203 2³4
817 4168 884 4219 quae
904 4168 954 4204 om.
975 4149 998 4202 ll
1055 4152 1088 4204 25
1108 4152 1209 4204 seruari
1231 4152 1254 4202 (J

105 4241 129 4287 el
149 4240 227 4299 (corr.
247 4242 304 4299 aad)
327 4237 380 4289 GP
452 4236 576 4291 dicautur
596 4238 620 4290 (J
