2836 4822
298 330 338 382 De
359 328 425 384 Cain
445 334 473 383 et
492 330 560 384 Abel
580 331 607 384 ΙΙ
626 333 651 394 9,
671 333 776 385 34-37
814 332 838 402 (1
858 334 907 386 221
929 333 1044 388 1)-222
1064 334 1105 400 F).
1216 339 1281 402 407

135 531 166 590 et
190 525 423 610 aegritudinum
456 526 586 589 uulnera
618 525 770 607 plurimas
803 531 919 591 mortes
945 529 1051 612 generi
1075 529 1212 594 lrunrano
1238 530 1281 594 iu·

134 635 248 706 serrant,
273 635 310 695 ut
332 631 394 694 ista
420 651 504 695 nrors
528 633 702 697 remedium
727 632 874 697 uideatur
893 652 973 709 esse,
994 655 1054 698 uon
1079 656 1193 719 poena3
1220 657 1279 701 non

134 739 216 803 enirn
249 739 461 821 peremptoria
495 743 553 814 est,
586 759 642 821 per
674 759 768 823 quarn
801 760 862 805 uon
888 740 1038 806 adimitur
1061 743 1138 818 uita,
1164 744 1218 807 sed
1244 746 1282 808 ad

133 847 263 910 meliora
295 847 494 911 transfertur.
529 865 599 910 narn
634 847 661 909 si
685 849 833 911 nocentes
858 848 1045 928 moriuntur,
1071 849 1125 932 qui
1150 850 1280 933 gradum

102 972 150 1015 aa
183 953 324 1035 peccatis
358 971 506 1018 reuocare
541 953 708 1019 noluerint.
743 954 795 1017 uel
828 953 922 1018 inuiti
957 960 1060 1019 tamen
1095 956 1187 1020 finern
1222 977 1281 1020 uon

134 1062 274 1136 naturae,
301 1060 356 1123 sed
381 1060 493 1143 culpae
522 1059 752 1143 adipiscuntur,
778 1080 815 1124 na
839 1061 932 1143 pluro
956 1061 1141 1145 delinquant
1165 1063 1281 1145 quibus
1307 1076 1327 1131 C

134 1167 201 1230 uita
233 1166 344 1230 laeuus
379 1170 427 1229 est
461 1165 658 1231 delictorum.
694 1166 720 1229 si
755 1171 860 1230 autem
896 1168 994 1232 bonae
1028 1168 1095 1250 spei
1120 1172 1281 1250 compotes

42 1275 86 1338 36
135 1277 218 1348 suut,
252 1275 388 1355 migrare
423 1273 523 1357 inagis
558 1293 652 1355 quarn
686 1273 819 1337 deficere
853 1273 998 1338 credendi
1025 1277 1109 1341 sunt.
1133 1275 1282 1339 inseritur

134 1382 192 1444 hor
226 1380 296 1446 loco
331 1381 447 1464 dogma
480 1380 517 1444 de
551 1380 784 1462 incorruptione
818 1380 950 1458 animae,
984 1382 1069 1463 quod
1101 1382 1171 1465 ipsa
1207 1401 1282 1446 uera

90 1511 115 1548 ro
135 1496 165 1554 et
198 1492 290 1554 beata
323 1488 390 1551 uita
423 1488 475 1565 sit,
509 1506 604 1569 quarn
641 1487 862 1569 unusquisque
899 1487 978 1551 bene
1013 1488 1160 1553 conscius
1198 1490 1281 1554 uiuit

134 1598 235 1662 nrulto
268 1596 379 1678 purius
415 1614 450 1658 ac
482 1594 618 1671 beatius,
653 1613 725 1658 oum
758 1594 854 1658 huius
893 1594 994 1659 carnis
1032 1595 1137 1658 aalma
1174 1600 1279 1660 nostro

134 1702 316 1785 deposuerit
339 1702 540 1765 inuoluorum
565 1705 597 1765 et
620 1700 755 1783 quodam
781 1720 903 1765 carcere
926 1701 989 1766 isto
1014 1702 1110 1766 fuerit
1134 1703 1280 1767 absoluta

134 1828 292 1892 corporeo,
317 1809 348 1871 in
378 1808 471 1872 illum
505 1808 698 1890 superiorem
733 1809 879 1872 reuolans
912 1808 1030 1885 locum,
1055 1809 1138 1872 unde
1162 1810 1279 1873 nostris
1300 1825 1323 1877 1)

132 1919 238 1982 intusa
262 1915 441 1981 uisceribus
467 1914 674 1997 conpassione
699 1914 838 1996 corporis
864 1915 959 1979 hrrius
988 1915 1156 1999 ingemuit,
1181 1916 1279 1981 donec

90 2047 114 2086 u
134 2023 296 2089 commissi
330 2021 535 2106 gubernaculi
568 2041 684 2085 munais
717 2021 873 2102 impleret,
908 2025 944 2083 ut
977 2022 1077 2086 carnis
1109 2022 1203 2086 huius
1235 2023 1278 2087 in·

132 2132 336 2197 rationabiles
359 2132 466 2194 motus
486 2128 667 2193 rationabili
686 2129 784 2193 ductu
804 2131 928 2212 regeret
946 2132 978 2192 et
998 2128 1186 2192 coherceret.
1208 2129 1278 2193 inde

133 2239 292 2321 estquod
325 2242 434 2321 postea
466 2236 638 2317 prophetae
672 2236 702 2299 iu
736 2235 954 2318 captiuitatem
989 2256 1061 2300 cum
1089 2236 1277 2299 ludaeorum

131 2346 250 2427 populo
270 2344 474 2419 transierunt,
495 2362 532 2406 ne
552 2344 674 2425 reliqua
693 2343 795 2424 plebis
817 2346 997 2407 sanctorum
1020 2342 1173 2406 destituta
1192 2360 1278 2423 prae-

132 2451 212 2515 sidio
247 2450 444 2534 consilioque
477 2449 608 2513 uiduata
640 2450 817 2532 grauiorem
850 2450 971 2514 subiret
1003 2468 1197 2525 aerumnam,
1222 2447 1278 2511 sed

86 2585 112 2623 ro
130 2559 232 2642 magis
257 2558 475 2641 frequentibus
501 2556 637 2621 oraculis
662 2558 841 2621 conmonita
865 2557 1089 2640 prophetarum
1114 2555 1152 2619 ad
1177 2554 1277 2619 dorni-

131 2686 205 2730 num
232 2666 326 2730 derrm
351 2685 445 2729 suum
468 2664 520 2746 pio
544 2663 661 2729 rediret
685 2663 810 2728 adfectu
834 2682 890 2728 neo
914 2662 1056 2727 aduersis
1080 2663 1277 2746 captiuitatis
1301 2680 1322 2733 a]

131 2773 246 2837 adtrita
269 2777 432 2854 prorueret
457 2772 486 2836 in
511 2771 660 2854 perfidiae
693 2774 860 2853 peccatum
894 2770 1072 2852 salutisque
1106 2773 1277 2853 perpetuae

38 2878 82 2941 37
131 2880 306 2944 remedium
340 2880 531 2961 desperaret.
565 2877 929 2961 redarguunturitaque
953 2877 1107 2942 hocloco
1132 2877 1186 2959 qui
1210 2876 1277 2940 uni-

131 3006 199 3050 canr
224 2988 306 3051 lianc
331 2987 430 3050 uitam
454 2988 570 3067 putent
594 3004 664 3049 esee
689 3003 769 3066 quae
794 2984 838 3047 sit
860 2984 891 3047 in
916 2984 975 3048 hoo
1005 2986 1144 3062 saeculo,
1171 2994 1276 3065 <qu0>

85 3093 235 3158 montilla
267 3095 360 3175 plena
392 3094 512 3176 lapsae,
545 3093 639 3175 plena
671 3091 822 3158 maeroris
856 3095 940 3161 sunt,
976 3095 1007 3154 et
1043 3090 1277 3175 redarguuntur

130 3199 268 3282 simplici
308 3200 387 3264 serie
425 3203 599 3284 gestorum.
638 3216 710 3262 ecce
749 3197 833 3261 enim
871 3197 975 3261 iustus
1014 3199 1165 3262 innocens
1203 3198 1276 3279 pius

129 3312 258 3387 propter
290 3307 424 3390 gratiam
458 3305 637 3370 deuotionis
672 3304 744 3369 odia
775 3303 881 3369 fratris
909 3304 1073 3369 incurrens
1098 3304 1275 3368 inmaturus

130 3413 233 3478 adhuc
248 3414 319 3477 aeui
337 3414 483 3477 sublatus
499 3416 549 3477 est
567 3410 745 3493 parricidio,
766 3415 798 3474 et
816 3411 945 3494 iniquus
965 3409 1138 3476 sceleratus
1157 3411 1274 3494 inpius,
1299 3426 1319 3479 1³

130 3520 225 3583 etiam
250 3520 385 3584 fraterna
409 3519 504 3584 caede
528 3519 672 3601 pollutus
696 3519 885 3602 longaeuam
912 3518 1001 3581 drmit
1019 3520 1165 3595 aetatem,
1186 3517 1273 3581 duxit

85 3646 267 3705 aouxorem,
290 3628 511 3710 posteritatem
545 3625 684 3707 reliquit.
709 3625 803 3689 urbes
838 3625 978 3689 condidit
1010 3629 1041 3688 et
1070 3625 1129 3688 troc
1159 3622 1273 3687 meruit

128 3734 335 3816 permissione
369 3733 487 3797 diuina.
521 3750 623 3796 noune
656 3731 687 3794 in
722 3732 770 3796 bis
804 3735 910 3811 aperte
949 3750 1009 3794 uox
1047 3729 1097 3794 dei
1135 3729 1272 3794 clanrat?

219 3877 251 3929 12
271 3875 326 3929 cic.
347 3873 380 3927 de
399 3891 445 3943 rep
475 3874 511 3926 l'l
534 3874 565 3926 14
620 3874 651 3926 21
674 3872 770 3925 Tluen.
791 3873 815 3931 3,
837 3873 869 3925 39
920 3872 954 3924 29
976 3870 1041 3924 tien.
1061 3872 1087 3935 4,
1109 3871 1140 3924 17

165 3982 181 4033 2
201 3999 258 4034 esse
279 3981 405 4034 uideatur
423 3981 450 4033 B
508 3981 539 4034 10
559 3980 634 4033 uiuet
653 3979 773 4033 SAA‘P¹
839 3980 871 4032 12
890 3980 944 4032 isto
964 3994 1034 4032 eras.
1055 3977 1084 4041 S,
1103 3994 1153 4032 orn.
1174 3976 1272 4030 ΜΔΝ

132 4071 163 4123 16
187 4069 341 4123 coherceret
365 4074 389 4135 (o
414 4069 462 4122 ult.
487 4087 508 4122 s.
531 4070 571 4135 u.)
590 4067 671 4122 SPP‘
695 4068 834 4121 cohereret
858 4067 883 4118 V
989 4067 1023 4119 20
1051 4066 1215 4135 profetarum
1240 4063 1272 4116 M

128 4158 162 4210 ‘23
181 4158 380 4225 redarguuntur
404 4157 430 4210 V
446 4156 493 4210 sed
513 4160 663 4226 arguuntur
682 4162 728 4210 cet.
833 4156 868 4208 24
888 4159 984 4225 putent
1004 4153 1089 4208 SAA‘
1108 4159 1206 4224 putant
1225 4159 1271 4206 cet.

165 4263 216 4314 quo
238 4246 338 4299 addidi
392 4246 426 4300 30
445 4246 556 4314 reliquit
575 4245 763 4314 posteritatem
784 4245 810 4296 B
