2836 4822
144 309 208 371 134
612 303 810 356 Ambrosii

141 500 283 582 caelique
307 499 404 564 facies
423 500 664 582 purpurascenti
683 500 796 563 rubore
815 500 1024 582 perfunditur.
1045 500 1146 564 adhuc
1168 501 1289 584 spirans

141 607 304 672 exordium
332 610 364 670 et
391 607 455 670 iarn
482 607 687 671 momentaria
718 606 878 670 eeleritate
911 607 995 688 pleni
1028 607 1158 672 luminis
1192 608 1290 672 micat

141 714 289 796 splendor
322 717 353 778 et
386 713 545 796 surgentis
580 713 656 777 solis
689 712 817 795 praeuia
846 733 921 776 aura
950 713 1053 777 duleis
1082 714 1208 796 aspirat.
1238 715 1288 778 dio
1350 724 1376 776 D

140 820 219 883 mibi
258 839 384 902 quaeso,
423 819 483 884 nisi
522 839 654 902 maguus
693 823 779 883 esset
819 819 913 895 orbis
948 820 1104 901 quomodo
1137 839 1287 904 magnum

74 925 115 988 28
140 931 251 1010 posset
287 927 395 991 orbem
432 926 619 990 inluminare
656 929 837 990 terrarum?
875 926 951 1008 quid
989 931 1094 990 autem
1129 927 1166 990 de
1199 931 1288 992 tanto
1322 948 1335 986 s

139 1034 250 1115 loquar
286 1036 535 1115 temperamento
574 1035 605 1096 et
645 1032 857 1097 moderamine
900 1033 1081 1110 conditoris,
1124 1034 1177 1115 qui
1221 1054 1290 1097 eam

139 1159 320 1204 mensuram
367 1140 488 1203 muneri
530 1139 607 1203 salis
651 1138 814 1213 adtribuit,
857 1143 894 1202 ut
935 1159 1036 1221 neque
1079 1159 1177 1222 uapor
1220 1140 1290 1204 eius

139 1247 264 1330 ignens,
294 1248 332 1308 ut
359 1245 497 1324 uidetur,
526 1249 681 1309 terrarum
704 1264 801 1308 uenas
826 1264 992 1327 rerumque
1017 1247 1137 1328 speeies
1162 1246 1289 1311 infusus

140 1355 281 1417 exureret
313 1371 415 1434 neque
448 1352 562 1416 iterum
596 1372 652 1434 per
684 1355 772 1415 tanta
803 1351 912 1416 mundi
947 1353 1048 1434 spatia
1085 1353 1289 1437 refrigeratus

139 1459 263 1523 nullum
302 1458 394 1522 terris
434 1479 538 1523 semen
578 1458 692 1523 caloris
730 1458 873 1531 inoleret,
917 1460 972 1522 sed
1013 1460 1150 1522 ieiunam
1192 1464 1287 1541 atque
1309 1486 1334 1526 ro

138 1565 265 1647 inopem
297 1567 437 1630 frustum
472 1565 691 1647 derelinquens
724 1565 763 1629 ad
794 1565 915 1629 nullam
947 1566 1122 1630 fertilitatis
1152 1567 1287 1649 gratiam
1349 1576 1373 1631 E

138 1677 331 1754 uaporaret?

51 1782 83 1864 7,
95 1781 136 1844 29
184 1777 308 1843 Similia
332 1777 370 1841 de
394 1779 487 1842 lunae
510 1778 631 1842 ratione
656 1778 858 1854 conueniunt,
884 1799 963 1860 qnae
988 1779 1025 1842 de
1050 1784 1194 1844 consorte
1219 1780 1288 1845 eius

139 1903 174 1949 ae
198 1885 293 1949 fratre
317 1884 578 1961 memorauimus,
603 1884 760 1966 siquidem
784 1885 817 1981 iq
835 1884 867 1948 id
888 1905 920 1949 se
940 1885 1045 1950 induit
1063 1887 1286 1964 ministerirum
1349 1898 1372 1952 l'

138 1992 168 2056 iu
209 1992 293 2073 quod
332 1995 363 2055 et
399 1992 503 2065 frater,
541 1995 578 2055 ut
614 1991 783 2055 inluminet
822 1992 979 2063 tenebras.
1017 1993 1123 2058 foueat
1156 1995 1287 2070 semina,
1309 2019 1334 2058 15

108 2085 256 2184 'augeat
287 2100 421 2163 fruetus.
456 2099 552 2162 habet
584 2098 681 2162 etiam
713 2098 860 2180 pleraque
893 2119 911 2162 a
940 2101 1033 2163 lratre
1062 2100 1224 2179 distincta,
1253 2108 1290 2165 ut

140 2225 232 2289 quem
258 2209 325 2269 toto
351 2205 401 2269 die
425 2205 511 2268 calor
534 2224 677 2269 umorem
700 2209 801 2269 terrae
826 2207 994 2271 sieeausrit
1018 2207 1150 2271 eundem
1175 2207 1288 2293 eriguo

139 2312 241 2377 noetis
274 2316 416 2393 ternpore
448 2331 499 2376 ros
532 2315 679 2394 reponat;
715 2332 786 2375 narn
820 2318 852 2402 et
884 2313 953 2394 ipsa
986 2315 1060 2378 luna
1091 2314 1180 2398 larga
1207 2316 1287 2379 roris

139 2420 304 2484 adseritur.
329 2419 464 2500 deniqne
489 2438 561 2483 eum
586 2419 725 2484 serenior
749 2439 807 2482 nor
832 2424 881 2484 est
904 2424 936 2484 et
957 2422 1034 2484 luna
1057 2441 1181 2503 pernox,
1210 2425 1286 2486 tune

137 2527 256 2611 largior
282 2545 334 2590 ros
358 2526 457 2590 fertur
480 2545 556 2589 arua
578 2526 773 2607 perfundere.
800 2530 831 2590 et
854 2528 996 2609 plerique
1021 2528 1079 2591 sub
1104 2548 1173 2592 aere
1197 2530 1283 2611 quie·
1305 2555 1332 2592 ει)

117 2616 273 2708 scentes,
298 2652 360 2714 quo
384 2631 486 2716 magis
512 2631 570 2695 sub
596 2631 714 2696 lumine
737 2632 874 2696 fuissent
891 2634 995 2708 lunae,
1016 2652 1051 2696 eo
1071 2632 1143 2714 plus
1163 2635 1284 2698 umoris

139 2758 172 2802 se
211 2739 313 2819 eapite
351 2738 520 2821 collegisse
558 2741 733 2803 senserunt.
771 2738 853 2801 unde
893 2742 925 2802 ot
961 2738 991 2802 iu
1032 2737 1170 2802 Cantiois
1207 2740 1285 2804 dicit

140 2845 286 2911 Christus
306 2845 345 2909 ad
365 2845 551 2909 eeclesiam:
577 2845 762 2925 quoniam
788 2850 910 2926 eaput
933 2865 1056 2910 meum
1082 2847 1284 2929 repletum
1347 2859 1412 2914 761

140 2957 202 3017 est
239 2971 327 3017 rore
365 2956 404 3016 et
441 2951 574 3016 crines
611 2952 686 3015 mei
724 2952 857 3033 guttis
890 2953 1035 3018 noetis.
1069 2957 1138 3017 turn
1171 2953 1283 3018 deinde

139 3058 293 3123 minuitur
320 3063 352 3123 et
380 3063 524 3141 angetur,
552 3061 589 3121 ut
617 3057 718 3122 minor
746 3059 798 3125 sit.
827 3078 900 3122 eum
928 3060 1067 3143 resurgit
1095 3080 1187 3136 noua,
1212 3081 1285 3125 eum
1304 3085 1330 3127 ns

140 3166 183 3230 sit
210 3165 376 3242 inminuta,
404 3165 593 3229 tumuletur.
622 3164 653 3228 iu
683 3184 744 3246 quo
774 3165 889 3249 grande
917 3166 1103 3248 mysterium
1128 3171 1187 3232 est.
1212 3186 1284 3231 uam

228 3376 244 3426 5
263 3372 325 3426 Bas.
347 3373 395 3424 141
416 3373 438 3425 Β
460 3372 504 3437 (60
524 3372 558 3436 Β)
628 3373 660 3426 13
679 3374 740 3426 Bas.
762 3375 809 3426 141
832 3373 916 3427 B-Il
938 3376 983 3439 (60
1002 3374 1095 3440 Β-Ε)
1167 3375 1199 3428 18
1218 3375 1283 3429 isid.

139 3459 172 3513 de
190 3463 246 3516 nat.
265 3476 315 3513 rer.
338 3461 414 3522 18,6
479 3462 512 3514 20
532 3462 593 3516 Bas.
615 3463 665 3515 144
684 3462 707 3514 Α
727 3463 772 3529 (60
793 3462 824 3525 E)
890 3464 924 3516 23
945 3462 1020 3516 Cant.
1041 3464 1103 3525 5,2
1164 3463 1284 3517 sorsin.

138 3548 171 3601 de
190 3552 245 3602 nat.
264 3565 313 3602 rer.
336 3550 376 3611 19,
397 3550 413 3601 2

175 3673 187 3726 1
208 3671 305 3725 rubore
328 3671 393 3738 C(e
414 3691 447 3727 err
465 3680 489 3734 et
564 3690 673 3742 sperans
694 3671 717 3724 ll
804 3675 819 3727 3
839 3674 949 3743 praebia
970 3675 993 3727 (Ι
1010 3680 1034 3727 et
1054 3678 1134 3741 (corr.
1153 3677 1210 3746 md)
1232 3676 1288 3730 GP

138 3763 153 3815 6
174 3779 205 3814 ea
227 3761 276 3814 GP
370 3763 521 3815 imuneris
541 3760 565 3814 Π
586 3768 609 3828 (s
629 3780 686 3831 exp.
710 3762 745 3829 G)
844 3763 940 3831 Spost
959 3781 1042 3817 uenas
1063 3764 1127 3818 edd.
1148 3781 1227 3818 sucus
1245 3764 1282 3818 N¹

139 3853 227 3914 (sucos
246 3851 279 3906 bl‘
293 3851 350 3917 2122)
370 3867 448 3903 sucos
467 3851 525 3904 MS
579 3853 607 3905 11
631 3851 747 3904 fructum
769 3851 793 3904 0
809 3851 944 3905 fruetuum
964 3859 1011 3905 eet.
1069 3853 1100 3906 13
1121 3852 1240 3906 consorti
1258 3850 1283 3904 ll

138 3942 191 4007 (-te
212 3939 303 4004 GruL’)
398 3941 429 3994 17
449 3957 568 3993 umorem
590 3941 658 3999 Clu
677 3943 708 3993 in
727 3948 793 3997 rael
814 3941 952 3994 humorem
970 3941 1046 3995 PSB
1150 3943 1239 4012 erigut
1259 3939 1282 3992 ll

138 4028 232 4098 exigue
251 4029 278 4080 B
368 4029 402 4082 ab
423 4028 471 4082 sub
492 4046 551 4082 aere
570 4045 621 4082 om.
642 4029 664 4080 Π
685 4030 734 4082 sub
754 4040 814 4098 (our.
835 4030 993 4097 aere)blrl1¹
1076 4030 1240 4099 quiescentis
1262 4029 1287 4082 0

137 4117 336 4185 requiescentes
344 4118 412 4173 *ΜΡ
449 4119 480 4170 21
491 4118 590 4170 uruoris
598 4118 635 4170 M
636 4118 679 4171 ‘M
687 4118 805 4171 humoris
814 4120 837 4174 a
848 4125 872 4171 et
880 4119 911 4174 ⁵21¹
925 4119 952 4182 (lr
962 4136 983 4173 s.
993 4136 1019 4173 u.
1031 4119 1086 4189 ma)
1098 4125 1145 4174 eet.
1183 4119 1216 4172 ‘22
1228 4118 1282 4173 ool·

136 4205 229 4273 ligisse
248 4206 449 4275 Ceolligisseut
468 4207 494 4260 V
526 4209 561 4262 25
576 4211 604 4260 et
619 4225 677 4261 cum
689 4208 771 4260 PVB
787 4224 827 4260 res
844 4225 902 4261 eum
913 4207 950 4260 N¹
987 4210 1021 4262 ‘26
1037 4212 1078 4262 est
1093 4206 1153 4273 1113,
1168 4224 1218 4261 our.
1234 4212 1282 4261 cet.
