2836 4822
189 376 255 438 454
664 370 862 424 Ambrosii

189 571 292 639 tate,
335 569 549 629 auertente
592 567 726 628 autem
772 568 811 628 te
856 563 1001 628 faciem
1048 564 1339 630 turbabuntur.

190 671 353 736 auferes
391 672 585 753 spiritum
618 690 773 747 eorum,
808 674 848 735 et
879 669 1080 735 deficient
1112 674 1152 733 et
1183 670 1221 734 in
1258 672 1340 753 pul-

189 796 323 843 uerem
344 798 456 842 suum
478 781 784 843 conuertentur.
809 779 976 842 emittes
1000 778 1194 860 spiritum
1213 781 1340 843 tuum.

189 888 230 948 et
252 886 513 961 creabuntur,
538 890 577 948 et
599 885 820 950 renouabis
844 885 988 948 faciem
1011 890 1154 949 terrae.
1188 890 1240 949 est
1263 905 1339 969 ergo

189 992 332 1072 spiritns,
366 992 457 1056 cuius
490 992 665 1074 operationi
693 991 802 1056 cedere
830 992 979 1055 uniuersa
1007 990 1185 1068 uideantur,
1213 992 1245 1054 in
1276 1011 1339 1073 quo
1370 1011 1381 1049 s

190 1099 268 1161 caeli
292 1099 394 1181 ipsius
423 1100 525 1163 uirtus
555 1099 607 1175 sit,
636 1099 721 1163 sicut
748 1099 902 1180 scriptum
932 1104 995 1162 est:
1029 1099 1151 1163 uerbo
1185 1098 1339 1162 domini

190 1205 295 1269 caeli
314 1206 472 1269 sirmati
494 1208 587 1270 sunt
606 1208 645 1268 et
665 1205 818 1287 spiritu
837 1205 920 1269 oris
940 1207 1029 1269 eins
1049 1205 1176 1269 omnis
1198 1204 1338 1270 uirtus

189 1331 334 1377 eorum.
359 1311 414 1394 qui
438 1312 569 1394 spiritus
594 1315 643 1375 est
666 1315 788 1376 creator
805 1311 1038 1388 uniuersorum,
1059 1312 1143 1375 sicut
1161 1312 1259 1376 etiam
1279 1312 1337 1376 lob

190 1418 284 1482 dicit:
310 1419 487 1502 spiritus
513 1419 680 1482 diuinus
706 1419 773 1500 qui
797 1419 901 1482 fecit
923 1439 990 1483 me.

78 1515 132 1596 17,
145 1515 186 1580 59
233 1524 324 1588 Nunc
353 1525 588 1590 consideremus
617 1526 694 1607 qnid
727 1525 770 1589 sit
802 1525 885 1607 quod
918 1526 963 1589 ait
995 1526 1166 1610 scriptura:
1200 1526 1337 1591 clausi
1358 1529 1414 1582 roa

190 1637 282 1696 sunt
327 1632 463 1695 fontes
511 1651 701 1714 aquarum
747 1636 786 1695 et
832 1636 1067 1697 cataractae
1114 1632 1230 1697 caeli.
1279 1652 1338 1698 nec

189 1740 358 1802 obscurum
389 1738 529 1804 arbitror.
558 1739 608 1803 his
638 1738 720 1802 enim
750 1740 856 1803 causis
884 1740 1038 1803 minuitur
1065 1739 1235 1813 diluuium,
1269 1741 1339 1822 qui-

189 1846 249 1910 bus
287 1845 398 1909 creuit.
442 1846 545 1929 erupti
583 1849 670 1909 erant
706 1846 809 1911 fontes
848 1866 1011 1928 aquarum,
1049 1851 1175 1930 apertae
1211 1847 1341 1914 fuerant

189 1955 363 2016 cataractae
392 1953 482 2028 caeli,
510 1957 548 2016 ut
574 1952 713 2034 undique
742 1952 947 2018 influentibus
976 1955 1066 2035 aquis
1094 1960 1177 2018 terra
1203 1955 1337 2020 inunda-

187 2065 282 2123 retur.
308 2059 481 2123 debuerant
504 2059 609 2123 claudi
633 2078 669 2123 ea
693 2078 728 2122 ex
752 2060 868 2142 quibus
893 2060 994 2124 dilnui
1019 2060 1105 2144 origo
1125 2061 1279 2138 manauit,
1300 2066 1338 2126 ut
1357 2078 1379 2116 ¹⁵

189 2167 257 2231 eius
282 2167 434 2249 inciperet
457 2186 525 2231 esse
550 2165 704 2230 delectus.
728 2167 788 2231 hoc
811 2166 918 2230 littera
937 2169 1038 2246 sonat,
1058 2167 1207 2231 subtilior
1226 2171 1336 2232 autem
1398 2169 1417 2223 C

187 2274 405 2356 interpretatio
431 2274 577 2355 exprimit
600 2292 636 2337 eo
662 2273 745 2356 quod
774 2273 933 2338 diluuium
960 2274 1081 2338 animae
1108 2273 1188 2337 uitio
1218 2275 1336 2338 mentis

189 2384 222 2444 et
249 2380 390 2444 luxuriae
419 2381 589 2462 corporalis
616 2380 790 2455 influxerat,
822 2383 860 2444 nt
890 2379 1012 2443 malitia
1043 2379 1193 2462 passioni,
1225 2381 1337 2461 passio

188 2487 328 2550 malitiae
353 2487 548 2551 misceretur.
573 2486 768 2568 ingrediente
793 2486 915 2551 medico
940 2487 990 2551 dei
1014 2486 1110 2551 uerbo
1135 2486 1174 2549 ad
1197 2486 1337 2551 uisitati-

188 2612 280 2656 onem
296 2593 427 2669 animae,
443 2612 522 2674 qnae
538 2592 660 2657 diutina
680 2592 875 2676 aegritudine
890 2593 1054 2658 laborabat
1068 2593 1336 2676 disceptationum
1355 2614 1381 2652 eo

188 2700 379 2782 inprobitate
408 2703 440 2762 et
467 2700 651 2781 passionum
681 2701 862 2778 acerbitate,
891 2701 979 2782 prins
1010 2718 1125 2764 causae
1159 2699 1339 2763 debuerunt

189 2806 396 2890 aegritudinis
425 2805 593 2886 amputari.
626 2807 815 2889 principium
844 2807 925 2871 enim
950 2806 1125 2871 medicinae
1150 2809 1200 2869 est
1221 2825 1337 2870 causas

188 2913 349 2997 languoris
369 2912 516 2989 incidere,
536 2932 574 2976 ne
599 2912 720 2977 diutius
745 2932 883 2996 eaquae
908 2916 1020 2978 nocent
1044 2913 1082 2976 ad
1105 2913 1336 2976 incrementum

189 3019 395 3103 aegritudinis
432 3020 660 3084 ministrentur.
699 3020 782 3101 quod
819 3039 875 3084 nos
909 3020 1004 3084 etiam
1036 3021 1087 3083 lex
1121 3018 1222 3082 docet.
1262 3038 1337 3082 cmn

278 3285 293 3336 6
313 3283 412 3336 Psalm.
431 3282 534 3336 XXXII
554 3284 569 3337 6
638 3281 729 3335 9Iob.
750 3281 793 3339 33.
812 3281 829 3333 4
901 3280 933 3333 10
954 3278 1019 3332 Gen.
1039 3279 1065 3346 8,
1086 3278 1102 3332 2
1121 3278 1200 3333 Philo
1220 3278 1335 3348 Quaest.

188 3372 267 3426 1129
323 3373 357 3425 24
376 3372 464 3425 Leuit.
486 3372 566 3434 13,4

226 3518 238 3570 1
265 3513 653 3569 auertente...turbabuntur
675 3514 702 3566 P
723 3513 754 3566 irc
779 3530 829 3582 cup.
854 3516 904 3575 cul,
932 3528 981 3564 oon
1006 3510 1065 3565 DN
1156 3510 1172 3563 3
1201 3510 1283 3563 emite
1313 3511 1339 3563 T

187 3632 282 3686 emitte
307 3631 338 3683 T‘
392 3597 991 3694 4renobabisP(reinros.ruP;umdl
1042 3614 1164 3696 ‘c'spsN
1209 3626 1243 3679 10
1256 3624 1336 3679 Nunc

188 3739 222 3774 ea
239 3721 301 3774 Non
320 3721 346 3773 P
364 3718 426 3773 Non
447 3719 470 3772 0
530 3719 662 3788 scriptura
682 3717 910 3787 Proscriptum
929 3716 1021 3769 diuina
1040 3720 1087 3769 cet.
1133 3715 1163 3767 ll
1181 3718 1335 3767 cataractae

188 3811 215 3863 P
234 3821 275 3878 (ae
295 3826 327 3862 cx
346 3827 362 3862 a
380 3812 437 3872 m2)
549 3809 582 3862 12
601 3807 703 3861 diluuio
724 3811 751 3876 ri
769 3825 790 3862 s.
811 3813 836 3874 o)
857 3807 884 3859 P
993 3806 1025 3860 13
1039 3804 1126 3874 nupti
1149 3804 1181 3857 T‘
1205 3808 1231 3869 (e
1250 3812 1333 3865 eros.)

207 3893 314 3994 :perlae
334 3925 358 3977 T
399 3925 431 3977 14
451 3927 601 3977 cataractae
622 3926 661 3989 (ta
678 3941 719 3992 pr.
735 3941 755 3976 s.
771 3926 810 3986 u.)
825 3924 901 3976 Paul
920 3923 948 3976 N
958 3925 1005 3975 m?
1023 3923 1158 4007 cataracte
1176 3920 1200 3973 T
1240 3918 1334 4005 ltdi-

188 4015 247 4068 luui
267 4014 293 4067 P
312 4013 409 4066 diluuii
428 4018 474 4065 cet.
541 4015 573 4066 16
593 4012 731 4065 subtilior·
745 4013 772 4065 P
796 4016 822 4076 (a
842 4017 921 4079 eros.)
989 4011 1020 4064 17
1040 4010 1201 4080 intpretatlo
1222 4009 1249 4062 P
1267 4014 1291 4073 (t
1311 4019 1336 4065 et

187 4106 449 4159 retransmeant)
542 4103 935 4172 exprimitP(ite.cetm2p
1011 4102 1043 4154 18
1063 4101 1181 4153 lusoriae
1197 4099 1250 4152 PT
1304 4107 1337 4155 ut

189 4192 216 4244 P
235 4200 265 4255 (a.
286 4210 312 4246 u.
332 4196 398 4258 azer,
418 4208 469 4244 om.
493 4191 517 4243 T
579 4191 613 4244 20
633 4190 744 4244 diuidua
762 4192 789 4245 P
808 4205 887 4245 scorr.
908 4194 965 4256 1112)
989 4190 1013 4243 T
1031 4188 1136 4242 dianna
1154 4188 1191 4242 M
1252 4190 1284 4242 21
1308 4196 1338 4244 et

190 4281 345 4350 passionum
365 4280 513 4335 acerbitate
531 4282 563 4334 in
581 4297 632 4349 cup.
651 4284 698 4333 m2
716 4282 743 4334 P
796 4283 830 4335 ‘2‘2
851 4297 958 4334 causam
981 4279 1005 4331 T
