2836 4822
350 395 391 449 Dc
410 393 470 449 Noe
491 398 532 459 15,
551 395 657 450 53-55
695 394 721 460 (Ι
739 395 790 450 249
810 394 925 449 1)-250
944 394 989 462 D).
1177 400 1240 462 451

98 591 233 673 ideoque
257 609 314 656 nos
338 591 486 655 admonet
509 590 655 656 dominus
675 591 798 654 alonte
818 589 991 673 sapientiae
1010 610 1070 655 non
1089 591 1242 668 recedere,

98 698 213 780 pocula
244 697 375 762 uirtutis
408 697 543 771 haurire,
577 715 615 760 ne
649 697 720 779 quis
755 697 822 761 sole
854 697 1032 778 iniquitatis
1061 702 1185 763 arescat
1212 702 1245 762 et

98 804 268 886 procellam
304 805 535 886 persecutionis
572 804 728 868 sustinere
765 823 827 868 non
859 804 971 885 possit.
1007 805 1160 886 scripturn
1194 809 1245 869 est

100 913 197 975 enirn:
223 911 367 992 quodsi
395 911 433 974 in
462 910 595 975 umido
632 910 704 975 hoc
734 911 904 988 faciunt,
934 911 971 975 in
1003 911 1114 976 arido
1146 912 1243 994 quid

65 1018 196 1083 asiai?

10 1124 50 1185 34
142 1124 310 1189 Deleuit
332 1124 437 1207 inquit
461 1124 558 1189 deus
583 1143 694 1189 omne
717 1126 821 1207 quod
845 1129 932 1190 urat
955 1145 1075 1207 snper
1096 1125 1240 1190 faciem
1263 1133 1286 1186 B

97 1235 240 1297 terrae.
269 1232 380 1315 scripti
404 1231 534 1296 euidens
559 1231 744 1313 explanatio,
764 1231 916 1315 allegoria
938 1237 1044 1296 arrtem
1068 1234 1242 1314 expositam

97 1339 187 1403 nobis
220 1338 360 1403 declarat
392 1339 583 1422 superbiam,
617 1358 698 1421 quae
730 1357 764 1402 se
797 1339 921 1403 extollit
956 1339 986 1403 in
1025 1340 1083 1404 hac
1120 1343 1244 1404 terrena

96 1446 265 1530 fragilique
285 1446 465 1511 substantia
484 1449 516 1508 et
533 1445 689 1509 inmemor
706 1444 886 1520 diuinorum
906 1445 1042 1509 bumana
1066 1444 1244 1526 despiciens

48 1554 201 1636 1oipsnm
225 1552 408 1636 adrogantis
431 1552 492 1615 uiri
516 1552 659 1616 habitum
683 1553 907 1635 incessumque
935 1552 1100 1621 deformat.
1133 1556 1242 1635 quales

96 1660 249 1725 describit
275 1660 386 1725 Esaias
413 1660 548 1724 Iudaeae
577 1659 658 1724 filias
687 1660 851 1725 oculorum
880 1660 1033 1725 micantes
1057 1661 1187 1727 nutibus
1211 1665 1243 1726 et

95 1767 161 1832 alta
179 1786 213 1830 se
233 1766 356 1831 ceruice
375 1766 540 1831 iactantes.
561 1770 637 1830 sunt
655 1766 738 1830 enim
758 1766 941 1830 huiusmodi
961 1767 1115 1850 erigentes
1135 1786 1242 1850 snper·

95 1873 177 1945 cilia,
199 1873 308 1937 inflato
332 1872 435 1948 corde,
460 1872 542 1938 elato
567 1874 704 1954 pectore,
728 1873 851 1937 ceruice
874 1873 1032 1954 resupina,
1058 1874 1111 1955 qui
1136 1875 1239 1938 solum

95 1979 222 2061 quidem
255 1978 372 2061 pedum
403 1979 617 2062 perstringant
648 1978 806 2061 uestigiis,
833 1982 901 2043 toto
930 1983 1037 2043 autem
1065 1999 1099 2043 se
1126 1977 1286 2044 librentc

49 2108 74 2148 re
95 2106 223 2169 corpore
248 2090 280 2151 et
302 2086 388 2150 inani
416 2085 612 2168 suspendant
639 2086 790 2161 examine,
819 2086 850 2149 in
879 2085 982 2168 priora
1009 2104 1122 2168 gressu
1150 2086 1242 2169 prod·

94 2197 168 2257 eant
203 2193 235 2256 in
270 2192 446 2274 posteriora
484 2193 636 2256 uerticem
678 2192 878 2267 reclinantes,
917 2192 1043 2256 caelum
1086 2195 1241 2274 spectent,

92 2303 208 2364 terram
241 2303 348 2364 autem
377 2299 542 2364 fastidiant
568 2303 732 2381 tamquam
760 2299 895 2363 ceruicis
924 2298 1031 2363 dolore
1060 2299 1175 2373 suffixi,
1205 2303 1242 2363 ut

94 2425 161 2470 eam
185 2407 336 2471 inclinare
360 2426 420 2471 non
450 2405 583 2489 possint.
618 2405 675 2470 bos
704 2405 804 2489 igitur·
831 2404 952 2469 deleuit
979 2405 1017 2469 de
1044 2406 1125 2469 libro
1155 2406 1240 2470 uitae

94 2514 173 2577 deus
198 2513 324 2577 dicens:
360 2512 488 2577 omnis
518 2513 585 2594 qni
615 2531 657 2577 se
686 2511 842 2576 exaltat
869 2511 1160 2576 humiliabitur
1183 2530 1240 2577 nec

45 2646 73 2685 ro
91 2622 174 2686 inter
196 2620 309 2684 merita
333 2622 514 2684 sanctorum
539 2619 726 2684 commentis
750 2619 827 2683 lacit
850 2618 1018 2682 adhaerere
1038 2619 1240 2683 caelestibus.

10 2723 43 2785 35
93 2728 239 2793 omnibus
269 2727 369 2811 igitur
401 2728 456 2808 qui
489 2730 575 2790 extra
608 2745 710 2790 arcam
743 2726 873 2790 suerunt
905 2725 1103 2808 interemptis
1137 2719 1306 2790 dore-D'

92 2835 225 2899 lictus
251 2840 317 2898 est
341 2832 455 2898 solus
479 2833 561 2896 Noe
585 2833 623 2896 in
647 2851 738 2897 arca
762 2832 924 2897 cumiis
949 2834 1015 2914 qui
1040 2832 1238 2914 cumipse

92 2943 216 3006 erant.
235 2960 296 3005 non
316 2939 440 3022 indiget
453 2939 710 3022 interpretatione
726 2958 828 3004 sermo
844 2939 1241 3021 simplicior—concurrit

91 3046 274 3111 intellectus
299 3065 371 3110 curn
394 3047 501 3111 littera
519 3083 572 3123 -‚
592 3046 687 3110 altior
709 3050 816 3110 autem
840 3048 873 3109 et
895 3046 1025 3110 interior
1048 3046 1239 3129 significatio

42 3179 70 3220 aa
91 3153 289 3218 demonstrat
319 3153 441 3218 iustum
474 3153 579 3218 uirum
608 3156 846 3234 amatoremque
874 3153 1049 3233 sapientiae
1077 3156 1239 3234 tamquam

90 3259 233 3325 arborem
274 3261 472 3325 fructuosam
504 3260 707 3323 internecatis
741 3278 820 3341 quae
854 3277 960 3323 escam
993 3259 1062 3323 eius
1095 3259 1240 3323 solebant

90 3365 251 3443 adrodem,
282 3385 406 3431 comam
448 3366 645 3441 obumbrare,
688 3373 828 3430 coartare
868 3383 1038 3447 processus
1080 3382 1238 3429 ramorum

183 3559 194 3611 1
216 3557 323 3611 Baruch
342 3559 367 3617 3.
389 3558 422 3611 12
495 3559 511 3610 4
530 3556 595 3611 Luc.
615 3557 658 3618 23,
678 3557 710 3611 31
803 3557 819 3609 6
840 3555 906 3609 Gen.
926 3556 950 3618 7,
970 3556 1004 3609 23
1024 3555 1103 3608 Philo
1123 3555 1234 3620 Quaest.

90 3645 173 3699 1124
229 3645 454 3706 11Esai.3.16
519 3645 552 3699 18
571 3645 652 3715 Apoc.
673 3646 735 3709 3,5
809 3645 841 3698 19
866 3645 930 3698 Luc.
958 3646 997 3705 14,
1021 3646 1048 3697 ll
1112 3646 1144 3698 21
1167 3643 1235 3698 Gen.

90 3737 116 3798 7,
136 3735 169 3788 23
189 3735 269 3788 Philo
288 3734 399 3799 Quaest.
419 3734 500 3789 1125

127 3859 267 3912 bomnenr
287 3859 368 3924 P(m
389 3859 437 3913 ult.
457 3857 539 3926 arus.)
612 3856 876 3928 super...deolarat
895 3875 945 3911 orn.
965 3858 990 3910 Τ
1033 3854 1240 3926 Ssuperbial'

127 3944 1237 4017 qnaqullsee.decom)qnaetchnc(cicerculdnT‘quaenelB

91 4036 121 4089 11
144 4035 213 4089 illias
226 4035 255 4088 P
273 4039 300 4099 (a
320 4038 366 4087 rn2
384 4051 417 4088 ear
436 4035 463 4105 o)
501 4037 533 4088 lt
554 4035 649 4104 pedem
664 4036 691 4088 P
709 4039 736 4100 (v
754 4052 775 4088 o.
797 4052 810 4088 e
831 4036 879 4088 alt.
901 4039 956 4100 n13)
1013 4035 1197 4103 prestringunt
1211 4032 1238 4084 P

88 4127 117 4194 (p
137 4125 194 4193 ru3)
212 4125 416 4193 praestringant
434 4124 492 4177 Tr*
565 4124 665 4177 librent
678 4124 705 4176 P
725 4128 749 4191 (r
766 4140 786 4177 a.
807 4130 846 4189 u.)
904 4125 936 4177 15
955 4122 1103 4192 procedant
1120 4120 1239 4175 DNt'M

91 4216 124 4269 16
149 4214 177 4266 in
205 4212 229 4265 Τ
252 4213 286 4265 ad
311 4213 337 4266 P
360 4218 392 4278 (a.
416 4230 441 4267 u.
465 4217 522 4278 ur2)
549 4219 595 4267 cet.
665 4215 699 4268 20
723 4219 877 4267 sanctornm
903 4230 954 4267 orn.
978 4212 1005 4265 B
1073 4213 1107 4265 22
1131 4211 1182 4264 hiis
1201 4208 1238 4265 M

88 4303 133 4357 his
153 4309 202 4358 eet.

1150 4405 1200 4458 29*
