2836 4822
402 334 443 387 ne
462 335 522 388 roe
541 335 565 399 s,
586 337 694 391 24-26
730 336 754 407 (1
773 337 825 393 aas
845 336 954 392 o-aar
976 337 1016 406 e).
1215 343 1282 406 429

133 525 355 592 inhonesta
378 532 473 593 suut
496 533 637 593 nostra
659 529 917 597 honestatem
942 531 1281 597 abundantiorem

134 618 293 699 babent.
327 636 509 701 sobrietatis
543 637 626 702 euim
660 643 785 702 nostrae
815 641 847 702 et
873 639 1100 721 temperantiae
1127 639 1282 704 indicium

133 741 302 824 praecipua
330 742 398 808 illie
427 745 642 828 cognoscitnu
672 744 838 810 helluones
866 745 949 809 enim
978 749 1034 810 aut
1061 746 1285 812 distenduntur

134 847 345 913 cruditatibus
381 869 483 933 usque
516 851 555 915 ad
587 852 764 935 perieulum
797 855 853 917 ant
889 853 1076 941 plemmque
1114 854 1286 919 soluuntur

40 947 85 1010 25
102 977 115 1015 n
133 954 311 1021 uisceribus
336 957 513 1022 exinanitis.
537 959 621 1041 quod
645 958 776 1042 pulchre
796 959 949 1024 etiamad
970 960 1123 1026 eeclesiae
1141 961 1285 1025 membra

134 1062 299 1143 apostolus
324 1064 459 1129 rettulit.
487 1084 566 1147 quae
590 1066 673 1130 enim
697 1065 863 1130 inhonesta
886 1071 962 1130 sunt
985 1070 1092 1132 nostra
1115 1086 1150 1132 ao
1175 1085 1283 1150 super-

133 1167 198 1232 flua
225 1168 286 1232 nisi
315 1169 447 1248 luxuria,
477 1172 540 1236 nisi
562 1172 718 1237 lasciuia?
742 1172 858 1255 quibus
883 1173 911 1237 si
936 1173 1007 1256 quis
1031 1174 1180 1238 iuuentae
1203 1174 1282 1238 inre-

133 1274 213 1338 titus
233 1278 386 1359 tempore‚
407 1297 478 1342 cum
499 1278 538 1343 ad
562 1280 768 1344 maturiorem
792 1283 928 1345 aetatem
952 1281 1151 1362 processerit,
1176 1280 1284 1344 ueniat
1371 1311 1374 1316 ·

134 1381 173 1445 ad
197 1381 402 1464 baptismum,
425 1385 587 1451 renuntiet
610 1386 828 1468 superioribus
851 1403 1018 1468 moresque
1039 1387 1158 1468 priores
1178 1390 1281 1461 exuat,

91 1508 115 1544 ιο
134 1492 263 1570 peecata
288 1490 433 1572 deponat,
460 1492 693 1576 consepeliatur
716 1513 787 1559 eum
813 1493 939 1558 domino
963 1493 1048 1571 Iesu,
1080 1494 1381 1578 omcifigaruraurl

136 1594 163 1659 ei
191 1597 329 1661 mundus
359 1602 391 1662 et
413 1598 481 1681 ipse
509 1598 639 1679 mundo,
668 1619 771 1665 nonno
803 1602 831 1665 is
864 1605 1066 1683 peccatorum
1097 1600 1282 1665 remissione

135 1700 270 1767 donatus
285 1704 545 1770 abundantiorem
565 1706 762 1771 honestatem
782 1707 879 1772 habet
897 1726 993 1790 quam
1010 1707 1065 1771 ille
1084 1708 1282 1772 catechume-

135 1828 206 1890 nus,
231 1810 324 1874 auius
342 1810 411 1877 uita
429 1813 627 1878 innocentior
645 1814 894 1879 aestimabatur?
918 1817 950 1878 et
968 1818 1005 1878 ut
1024 1813 1160 1896 apostoli
1179 1813 1282 1896 ipsius

136 1918 278 1999 exemplo
312 1922 448 1997 utamur,
481 1920 618 1984 Iudaeus
652 1923 728 1997 erat,
760 1924 945 2004 perseeutor
972 1922 1051 1984 erat:
1080 1923 1214 1985 uocatus
1243 1919 1282 1984 ad

93 2041 117 2079 u
137 2025 270 2111 gratiam
290 2024 408 2091 Christi
428 2027 535 2110 eoepit
554 2047 624 2093 esse
643 2029 818 2110 apostolus.
839 2030 871 2092 et
890 2029 964 2110 qnia
982 2028 1055 2111 plns
1070 2027 1098 2091 ei
1113 2027 1282 2092 dimissum

136 2138 194 2208 est,
218 2134 292 2216 plus
316 2133 447 2218 diligere
472 2134 586 2216 eoepit,
612 2134 824 2199 abundantius
848 2134 1001 2217 apostolis
1025 2134 1172 2199 omnibus
1195 2133 1281 2198 labo·

134 2260 212 2316 rare,
228 2260 286 2304 uas
301 2239 464 2305 electionis
484 2241 598 2318 faetus,
620 2241 730 2306 doctor
749 2242 892 2325 gentium
910 2241 1042 2305 missus.
1065 2259 1165 2306 nonne
1185 2241 1280 2304 eliam
1307 2242 1333 2297 B

135 2347 352 2430 apostolorum
379 2347 520 2430 ipsorum
548 2347 694 2431 plurimis
717 2348 894 2412 uberiorem
918 2352 950 2413 et
972 2347 1185 2413 honestiorem
1209 2366 1282 2411 eon-

135 2457 264 2518 seoutus
293 2457 342 2518 est
370 2455 514 2536 gloriam,
548 2455 602 2536 qui
636 2457 708 2518 ante
741 2459 773 2518 et
804 2454 992 2519 inhonestus
1025 2458 1058 2518 et
1088 2453 1281 2537 ingloriosus

43 2554 121 2616 26²⁰
136 2564 213 2637 erat,
238 2580 312 2626 oum
334 2564 577 2644 persequeretur
599 2562 767 2627 eeclesiam
792 2561 864 2626 dei?
887 2561 1096 2644 pauperula,
1116 2560 1230 2624 debilis
1249 2560 1281 2623 in

135 2667 272 2733 ecelesia
300 2668 368 2750 ipse
399 2672 430 2732 te
458 2668 593 2733 redemit
620 2669 687 2733 suis
716 2669 813 2734 uotis.
842 2673 874 2733 et
901 2672 938 2732 ut
961 2668 1081 2732 maiora
1104 2667 1281 2749 aperiamus

134 2775 295 2858 mysteria,
326 2775 401 2858 quid
430 2780 495 2839 tam
525 2775 664 2859 ignobile
694 2796 788 2858 quam
817 2775 945 2859 gentilis
969 2773 1129 2858 populus?
1152 2793 1280 2856 pauper,

134 2885 244 2964 utpote
269 2882 324 2965 qui
348 2882 434 2946 nulla
457 2882 589 2948 haberet
611 2883 737 2966 eloquia
761 2883 821 2961 dei,
850 2883 964 2948 debilis
989 2886 1021 2947 et
1043 2885 1178 2963 utroque
1200 2881 1280 2965 pede

133 2988 276 3066 claudus,
314 2990 368 3071 qui
402 3008 458 3054 nec
490 2989 522 3054 in
554 2991 658 3074 legem
692 3008 749 3053 nee
781 2991 811 3053 in
846 2989 1048 3074 euangelium
1081 2988 1279 3065 credidisset,

86 3112 113 3151 a>
133 3101 267 3160 uoeatus
297 3099 404 3160 tamen
432 3096 566 3161 eredidit
589 3100 622 3160 et
644 3096 822 3179 baptizatus
852 3096 975 3178 accepit
998 3097 1140 3180 gratiam.
1170 3095 1278 3177 itaque
1306 3106 1330 3162 (t

132 3201 206 3283 quia
227 3203 302 3285 plus
326 3203 355 3268 ei
379 3203 548 3268 dimissum
573 3208 631 3279 est,
662 3205 735 3286 plus
764 3204 880 3288 diligit.
908 3203 1062 3268 remansit
1087 3202 1277 3268 Iudaeorum

130 3308 279 3390 populus,
308 3309 385 3373 lieet
411 3328 473 3374 nno
502 3310 581 3392 pede
610 3309 755 3387 claudos,
784 3329 974 3394 quamquam
1003 3313 1035 3373 et
1059 3309 1090 3374 in
1114 3309 1183 3391 ipsa
1205 3310 1277 3391 lege

219 3552 346 3608 51001.
368 3555 409 3618 12,
428 3555 461 3607 27
481 3570 520 3623 sq.
585 3555 619 3608 10
637 3553 713 3607 Rom.
733 3552 904 3616 aruum.
925 3557 950 3614 6.
972 3555 1005 3607 14
1061 3555 1093 3606 14
1111 3553 1230 3622 Philipp.
1251 3553 1278 3616 3,

130 3644 204 3710 usq.
225 3641 283 3697 Gal.
306 3644 330 3708 l,
351 3644 383 3697 15
440 3643 473 3696 15
492 3648 517 3696 et
536 3644 569 3697 26
588 3642 652 3696 Luc,
674 3644 698 3704 7,
717 3644 751 3696 47
810 3644 841 3695 17
860 3642 921 3696 lor.
942 3644 966 3706 9,
987 3641 1140 3697 151Tim.
1160 3642 1221 3704 2‚7

165 3766 180 3819 3
199 3765 340 3819 helluones
360 3766 387 3818 P
405 3766 446 3829 (in
464 3783 514 3835 mp.
535 3770 576 3819 ml
595 3764 811 3820 HELLUONES
831 3760 1056 3830 GLUTTONES)
1095 3765 1235 3818 drettulit
1249 3765 1279 3819 B

129 3854 223 3907 retulit
241 3860 288 3908 cet.
397 3855 555 3908 inhonestas
576 3861 638 3919 (om.
658 3856 733 3923 sunt)
752 3854 779 3906 B
871 3856 901 3907 ll
922 3855 965 3907 his
984 3854 1011 3907 P
1029 3855 1059 3919 (h
1078 3869 1136 3922 exp.
1156 3853 1214 3923 ru2)
1233 3853 1276 3907 his

129 3943 223 4012 qniT
260 3945 292 3997 12
312 3943 515 4008 donatusP(s
536 3943 699 4009 exrtm2)
720 3943 878 3997 donatan
930 3943 1129 3997 habetom.N
1182 3942 1274 3996 euthe-

130 4034 251 4086 cnminns
266 4033 320 4086 PB
339 4034 523 4087 catecuminus
542 4032 567 4085 T
583 4031 786 4086 catechuminus
801 4033 833 4086 N
868 4034 900 4086 13
916 4032 1075 4086 aestimatur
1089 4033 1120 4086 N
1155 4033 1187 4086 lo
1202 4033 1275 4102 cepit

130 4149 242 4218 diligere
262 4149 295 4202 N
384 4151 417 4203 19
433 4151 484 4219 est]
506 4115 570 4203 ar>
589 4154 612 4214 (s
632 4154 715 4215 erasi
736 4157 749 4203 e
771 4149 812 4213 (in
830 4154 898 4214 ros.)
916 4149 948 4201 T‘
1035 4148 1070 4202 20
1090 4150 1157 4218 erat]
1179 4146 1280 4200 suitN

133 4240 364 4295 ffidem
