2836 4822
160 339 225 401 346
624 334 821 387 Ambrosii

161 551 220 594 non
259 531 344 596 fecit.
382 536 414 594 et
451 531 520 594 ideo
555 530 584 593 in
618 530 709 594 nobis
743 533 813 593 ante
848 529 924 594 Cain
958 528 1099 593 nascitur
1131 547 1164 593 se
1198 529 1306 610 ipsum

160 639 348 721 praeferens,
391 641 502 721 postea
543 636 623 700 ,ruer
665 640 842 720 generatur,
879 637 910 699 in
950 656 1011 718 quo
1050 636 1093 700 sit
1127 636 1308 699 reuerentia

161 746 348 810 diuinitatis.
395 745 483 828 prius
531 764 604 828 ergo
647 745 763 826 inrepit
804 743 889 826 quod
930 743 1049 806 malurn
1091 748 1150 819 est,
1192 745 1307 824 postea

160 853 344 936 agnoscitur
385 851 471 933 quod
511 852 640 915 bonnm.
682 851 736 915 nbi
778 855 884 915 autern
926 851 1044 914 bonum
1085 850 1131 914 ibi
1170 850 1305 921 iustum,

161 960 215 1025 ubi
248 958 373 1023 iustitia
405 959 449 1022 ibi
483 958 645 1031 sanctitas,
678 958 738 1022 hoc
771 961 819 1021 est
848 958 938 1021 Abel.
971 958 1025 1040 qui
1056 957 1205 1021 adhaeret
1234 957 1305 1023 deo.
1338 963 1391 1021 rr

110 1071 144 1132 ll
162 1072 198 1131 et
222 1068 358 1130 sactus
384 1068 442 1130 est
464 1065 567 1146 inquit
590 1065 689 1128 Abel
713 1068 853 1146 pastor
878 1065 1023 1140 ouium,
1049 1063 1145 1129 Cain
1170 1067 1305 1129 autem

161 1173 406 1256 operabatur
429 1176 587 1239 terram.
612 1191 671 1236 uon
697 1176 747 1235 est
766 1172 905 1236 otiosum
925 1172 1101 1254 quodcum
1121 1175 1192 1236 ante
1211 1191 1305 1255 gene-

159 1286 247 1344 ratus
277 1280 320 1343 sit
348 1279 435 1354 Cain,
467 1284 503 1344 ut
530 1280 624 1343 lectio
654 1279 756 1354 docet,
786 1280 944 1362 praelatus
970 1280 1095 1343 sithoc
1119 1280 1188 1342 loco
1213 1278 1304 1349 Abel.

160 1405 217 1449 nec
245 1385 329 1448 idem
357 1385 400 1448 sit
429 1384 503 1448 ordo
534 1385 696 1448 nominum
725 1385 778 1467 qui
804 1389 854 1448 est
878 1385 952 1448 ordo
977 1387 1116 1449 naturae.
1142 1384 1218 1466 qnid
1244 1383 1305 1449 sibi

161 1494 232 1556 uult
264 1492 399 1556 mutatio
434 1491 561 1570 ordinis,
597 1494 633 1553 ut
664 1491 752 1574 prius
784 1492 916 1556 iunioris
946 1491 1136 1569 meminerit,
1166 1492 1222 1556 ubi
1254 1491 1305 1555 de·
1326 1519 1349 1556 ro

161 1599 311 1663 scribitur
334 1599 419 1662 uitae
443 1602 546 1662 status
572 1598 738 1681 operisque
757 1602 857 1663 usus?
876 1599 1108 1683 interrogemus
1128 1598 1304 1662 officiorum

161 1706 354 1781 distantiam,
380 1708 416 1768 ut·
439 1705 628 1789 colligamus
653 1724 780 1769 eausam
806 1706 1019 1788 praelationis.
1044 1705 1166 1787 operari
1188 1709 1305 1768 terram

161 1834 221 1878 usu
252 1813 338 1895 prius
368 1817 427 1887 est,
457 1812 558 1894 gratia
585 1811 716 1876 interius
745 1832 838 1894 quarn
869 1831 945 1876 oues
968 1831 1107 1894 pascere.
1136 1811 1197 1876 hoc
1221 1813 1305 1876 enim

159 1920 259 1984 instar
288 1918 452 1983 cuiusdam
481 1923 531 1983 est
559 1919 696 1984 doctoris
726 1923 757 1982 et
784 1919 935 2002 principis
958 1920 1134 2000 meritoque
1158 1918 1305 1982 seniora

159 2026 390 2091 uetustioribus
414 2025 586 2091 inclinauit.
607 2026 710 2089 iunior
728 2026 900 2090 recentiora
920 2026 1080 2108 praetulit,
1100 2045 1180 2107 quae
1199 2026 1304 2089 nullas
1326 2054 1348 2092 rs

159 2135 277 2217 spinae,
315 2132 420 2196 nullos
453 2132 588 2194 tribulos
622 2133 842 2215 genninarent,
876 2134 956 2197 nulii
989 2133 1161 2197 sententiae
1195 2136 1305 2196 essent
1350 2132 1412 2190 183.Ι

161 2241 302 2306 obnoxia.
328 2240 462 2322 denique
486 2239 608 2321 peccati
631 2258 704 2303 reus
729 2239 830 2302 Adam
855 2239 893 2303 de
917 2240 1063 2322 paradiso
1083 2239 1236 2304 dimissus
1256 2244 1306 2303 est

159 2346 348 2428 uoluptatis
378 2352 413 2409 ut
438 2350 618 2426 operaretur
641 2350 767 2410 terram.
792 2351 875 2411 recte
900 2367 973 2430 ergo
998 2347 1052 2410 ubi
1076 2351 1250 2411 naseuntur
1273 2346 1306 2409 hi

159 2455 281 2529 fratres,
308 2456 453 2516 seruatur
477 2453 570 2517 etiam
595 2453 625 2516 in
650 2454 857 2535 praedicando
882 2454 956 2518 ordo
981 2458 1124 2518 naturae:
1149 2453 1205 2518 ubi
1228 2473 1305 2518 uero

159 2560 344 2641 exprimitur
372 2560 539 2642 disciplina
568 2561 708 2637 uiuendi,
741 2561 854 2625 seniori
885 2561 988 2625 iunior
1017 2562 1198 2638 antefertur,
1231 2560 1305 2642 quia
1325 2582 1351 2621 eo

159 2667 218 2730 etsi
247 2670 389 2748 tempore
419 2667 522 2730 iunior
551 2667 668 2730 uirtute
696 2667 906 2749 praestantior
934 2670 992 2730 est.
1018 2667 1196 2731 innocentia
1220 2655 1305 2730 eninr

158 2779 299 2857 tempore
323 2774 480 2856 posterior
503 2779 551 2837 est
575 2794 669 2855 quam
694 2774 816 2837 malitia
839 2779 870 2837 et
895 2775 1028 2856 quadam
1053 2794 1170 2856 suppar
1188 2777 1305 2849 aetate,

160 2882 216 2944 sed
240 2881 424 2944 meritorum
448 2880 614 2943 nobilitate
640 2880 811 2961 antiquiom
839 2885 1030 2945 senectus
1059 2880 1159 2944 enim
1190 2900 1305 2945 uene·
1367 2888 1390 2941 B

159 2988 308 3050 rabilis
348 2990 423 3063 est,
462 3006 534 3049 non
574 2987 688 3049 annis
726 2987 884 3064 incana,
923 2988 991 3051 sed
1029 2987 1221 3052 moribus,
1265 2992 1306 3051 et

159 3098 272 3158 aetas
310 3094 415 3176 inquit
452 3093 684 3158 senectutis
723 3094 809 3157 uita
847 3095 1104 3159 inmaculata.
1138 3094 1195 3157 ubi
1228 3113 1350 3178 ergorr
1398 3138 1410 3160 ,

158 3200 318 3282 generatio
353 3199 546 3279 exprimitur,
579 3199 762 3281 praeueniat
795 3199 880 3277 Cain,
912 3201 967 3264 ubi
998 3200 1238 3282 disciplinarum
1268 3200 1307 3264 fit

158 3307 360 3387 praedicatio.
385 3311 565 3388 praecurrat
586 3307 676 3370 Abel.
703 3307 951 3370 adulescentiam
974 3307 1073 3391 igitur
1096 3311 1128 3370 et
1147 3308 1251 3388 ipsam
1272 3309 1304 3371 in

247 3499 262 3551 c
292 3498 357 3551 ‹an.
384 3501 409 3563 4,
436 3500 451 3550 e
477 3498 556 3551 rum
583 3497 616 3550 ne
640 3516 706 3551 sacr.
730 3501 746 3551 4
772 3499 844 3561 rica.
867 3479 916 3561 'aa
940 3498 954 3551 r
978 3498 1038 3559 noe,
1066 3499 1097 3550 ra
1124 3497 1165 3564 c.)
1190 3496 1305 3563 Quaeso

158 3587 223 3640 159
316 3590 348 3639 17>
378 3587 443 3640 Gon.
468 3588 492 3641 3.
519 3588 550 3639 18
651 3589 681 3640 17
711 3586 776 3642 (sien.
802 3588 826 3643 3.
853 3588 885 3640 17
977 3588 1008 3640 ‘21
1038 3586 1116 3640 Philo
1141 3585 1174 3639 de
1198 3590 1306 3642 seond

157 3677 507 3736 rmstmwfflgffl
606 3677 802 3745 ffifflptd
900 3675 1305 3743 mrmmmmnssffi

160 3766 416 3832 ffiddffiffllb
472 3765 1167 3834 fflPfflommmdssffistffilfflbssdb

192 3889 840 3958 dafflmfflmaemmmmMaQWMoet
896 3888 1170 3942 mmmatmbr
1213 3891 1305 3944 dmn

157 3978 1148 4045 effimwdssmmffldmwcwmem
1211 3981 1306 4034 mm

157 4065 640 4121 mmPVlfflfflmmb
695 4066 1306 4133 HbmmemmPoembm

159 4152 1307 4210 fflmffVffim.ffimmmmummfflmMmmmfflm

156 4241 410 4311 Mmmmm
