2836 4822
213 309 274 371 102
678 309 878 362 Ambrosii

209 504 241 565 ot
268 503 487 587 praerogatiua
517 503 678 568 uictoriae.
703 523 810 569 secum
835 505 935 588 igitur
957 506 1053 570 habet
1076 506 1220 571 brabium
1245 526 1351 582 suum,

209 627 270 690 quo
299 615 331 674 et
358 611 519 674 munimen
549 609 610 674 sibi
637 610 805 692 praebetur
832 610 1003 675 aduersum
1030 611 1161 676 iniurias
1189 613 1242 676 uel
1270 612 1352 677 aeris

208 716 324 799 pariter
351 714 562 797 imbriumque
592 715 774 781 uiolentiam
799 720 831 781 et
854 717 1103 800 inpedimentum
1127 737 1188 783 non
1211 718 1353 784 adfertur

209 822 248 886 ad
275 821 490 904 recipiendum
519 823 596 886 solis
628 822 774 901 calorem,
804 844 865 906 quo
895 825 1052 908 tepefacta
1076 826 1170 890 alitur
1194 825 1354 890 coloratur

210 931 355 1012 augetur.
387 928 539 993 ficulneae
572 949 697 1012 quoque
725 929 839 994 folium
868 950 966 1013 aeque
993 950 1091 1014 prope
1119 937 1157 998 ut
1183 933 1353 1014 pampinus
1385 952 1393 991 e

209 1033 383 1118 quadrifida
426 1034 616 1099 rescinditur
656 1035 823 1114 diuisione,
865 1037 948 1120 quod
990 1057 1026 1103 eo
1069 1038 1185 1103 clarius
1226 1038 1355 1103 uidetur

210 1163 272 1226 quo
304 1144 408 1207 mains
441 1145 490 1206 ost
522 1142 645 1221 folium,
679 1162 752 1207 sane
786 1163 847 1209 nou
879 1144 924 1207 itu
956 1148 993 1208 ut
1020 1145 1188 1228 pampinus
1217 1146 1269 1208 uel
1300 1164 1354 1210 ora

210 1251 295 1314 omni
327 1251 380 1315 uel
408 1249 593 1315 summitate
621 1249 781 1331 crispanti.
810 1250 896 1315 siout
923 1250 1005 1315 enirn
1034 1252 1066 1315 in
1094 1251 1247 1317 ficulneae
1275 1253 1352 1318 lolio

210 1358 387 1424 crassitudo
416 1357 552 1423 ualidior
579 1357 625 1422 ita
652 1357 681 1420 in
712 1357 860 1440 pampino
884 1357 1007 1441 species
1032 1358 1214 1443 elegantior.
1240 1360 1353 1424 crassi·

209 1466 287 1531 tudo
311 1465 410 1550 igitur
433 1465 501 1530 folii
524 1464 650 1547 proficit
673 1464 711 1528 ad
735 1465 936 1548 tempestatis
960 1465 1108 1530 iniuriam
1127 1466 1352 1549 repellendam,
1375 1489 1393 1529 n

209 1572 404 1638 interscissio
424 1572 463 1635 od
481 1571 605 1635 fructus
625 1571 759 1655 gratiam
778 1569 1001 1652 uaporandam.
1022 1572 1156 1655 deniqne
1174 1573 1234 1638 hoc
1253 1592 1353 1657 genus

208 1680 295 1764 pomi
328 1677 510 1763 grandinem
543 1696 601 1742 nou
636 1677 709 1753 cito,
743 1677 960 1742 maturitatem
992 1679 1054 1744 oito
1084 1679 1190 1756 sentit,
1221 1679 1295 1762 quia
1322 1685 1355 1744 et

145 1782 183 1846 61
209 1788 307 1851 latere
339 1785 468 1849 uidetur
498 1784 652 1849 aduersus
680 1784 811 1849 iniurias
840 1788 871 1848 et
898 1788 1006 1867 patere
1036 1784 1074 1849 od
1103 1785 1247 1869 gratiam.
1277 1785 1353 1868 quid

211 1914 269 1979 ego
315 1892 464 1958 loliorum
511 1890 686 1955 describam
728 1890 939 1968 diuersitates‚
982 1891 1249 1975 quemadmodum
1292 1893 1355 1957 alia

210 2000 357 2072 mtnnda
395 1999 456 2063 alia
492 1996 646 2082 longiora,
683 1998 745 2063 alia
785 1997 944 2075 flexibilia,
986 1998 1048 2062 alia
1088 1998 1237 2084 rigidiora
1279 1999 1353 2073 sint,
1374 2026 1393 2065 n

211 2108 272 2172 alia
300 2105 396 2171 nullis
423 2104 516 2169 facile
544 2105 648 2169 uentis
677 2103 825 2181 labentia,
854 2104 917 2169 alia
945 2124 1024 2188 quae
1052 2104 1117 2169 leui
1146 2112 1236 2170 motu
1260 2105 1354 2170 decu-

209 2215 330 2280 tiantur
351 2214 523 2277 aurarum?

79 2323 132 2407 15,
144 2325 185 2388 62
254 2319 478 2403 inexplicabile
506 2323 555 2384 est
587 2319 784 2403 singularum
816 2338 922 2384 rerum
955 2321 1114 2402 exquirere
1146 2319 1354 2402 proprietates

211 2433 242 2494 et
270 2428 322 2492 uel
351 2426 553 2491 diuersitates
583 2445 689 2490 earum
719 2425 887 2490 manifesta
910 2426 1133 2491 testificatione
1158 2426 1354 2512 distinguere

212 2534 263 2598 uel
290 2534 425 2597 latentes
455 2533 659 2614 occultasque
688 2551 800 2597 causas
829 2532 1082 2597 indeficientibus
1111 2533 1230 2616 aperire
1259 2534 1355 2599 docu-
1374 2559 1393 2598 n

211 2640 338 2704 mentis.
363 2659 422 2703 uua
449 2658 562 2723 nempe
586 2642 682 2722 atque
706 2638 814 2703 eadem
840 2642 889 2704 est
908 2659 988 2720 aqua
1008 2644 1040 2704 et
1058 2640 1200 2705 diuersas
1219 2641 1356 2724 plerum·

140 2776 144 2783 ¹
212 2766 272 2829 quo
301 2764 371 2810 sese
401 2746 559 2810 mutatio
585 2746 727 2826 specics:
752 2750 808 2809 aut
830 2745 912 2810 inter
934 2746 1066 2811 harenas
1090 2747 1173 2811 flaua
1196 2752 1252 2812 out
1274 2747 1357 2812 iuter

213 2856 320 2917 cautes
349 2870 480 2934 spumea
508 2855 563 2916 aut
590 2851 671 2915 iuter
699 2870 826 2916 nemora
854 2851 1041 2917 uiridantior
1069 2857 1125 2917 aut
1150 2852 1233 2918 inter
1263 2853 1357 2918 floru-

211 2960 297 3024 lenta
320 2958 457 3023 discolor
479 2962 535 3022 aut
557 2959 639 3023 inter
661 2957 729 3022 lilia
751 2958 924 3041 fulgentior
947 2963 1002 3023 aut
1020 2959 1101 3023 inter
1119 2979 1207 3024 rosas
1226 2960 1356 3025 rutilan-

212 3069 274 3133 tior·
301 3072 357 3134 aut
383 3069 415 3133 in
444 3066 584 3152 gramine
611 3064 761 3146 liquidior
788 3069 843 3129 aut
870 3065 900 3128 iu
929 3065 1044 3148 palude
1068 3065 1224 3130 turbidior
1246 3069 1302 3130 aut
1324 3067 1354 3130 in
1374 3091 1393 3129 u

304 3226 337 3280 18
356 3226 418 3281 Bas.
440 3226 490 3279 113
510 3224 532 3278 A
553 3224 597 3289 (47
618 3222 650 3290 Ε)
705 3223 738 3276 21
759 3223 821 3276 Bas.
843 3223 893 3276 113
913 3221 997 3275 B—Ir
1019 3220 1176 3292 (4813-13)

251 3334 264 3386 l
284 3332 408 3386 brabium
430 3332 502 3388 (le
522 3336 548 3383 et
564 3334 607 3382 rol
628 3330 651 3383 G
671 3329 795 3382 breuium
817 3328 842 3382 G
861 3332 908 3382 m2
927 3333 974 3382 oet.
1036 3328 1052 3381 3
1071 3327 1225 3397 pariterque
1247 3327 1272 3383 G
1293 3332 1355 3397 (quc

214 3425 295 3485 erno.)
365 3421 382 3473 6
402 3417 581 3488 quadrifidam
601 3415 749 3471 escinditur
772 3416 964 3485 C(corr.m1)
987 3415 1041 3470 GP
1059 3414 1209 3484 quadrifida
1227 3416 1355 3470 rescindi-

214 3516 259 3564 tur
281 3509 307 3563 'V
323 3505 472 3578 quadrifida
491 3505 696 3561 interscinditur
715 3505 744 3559 N
811 3511 876 3573 poet
894 3505 1004 3559 uidetur
1023 3505 1088 3558 add.
1109 3504 1207 3558 auxillo
1221 3522 1285 3558 narn
1298 3505 1357 3574 ipsa

213 3597 390 3668 protect-ionis
409 3597 468 3666 (pro
487 3596 591 3648 inrue.
613 3611 645 3648 erc
663 3611 711 3664 per
731 3594 763 3659 C)
783 3592 832 3648 OG
851 3600 876 3648 et
896 3595 949 3659 (bra
967 3594 1140 3663 or1›.)P(in
1158 3610 1211 3661 quo
1230 3595 1355 3664 perienti-

214 3687 297 3752 onis);
318 3686 353 3752 cs.
369 3703 399 3754 p.
419 3689 470 3737 101
487 3701 515 3737 u.
535 3687 570 3736 12
621 3683 638 3738 8
658 3683 731 3736 omni
750 3681 834 3736 MSB
853 3684 943 3736 omnia
964 3682 989 3736 G
1010 3690 1036 3748 (a
1054 3688 1123 3751 emp.)
1144 3687 1191 3736 cet.
1244 3683 1276 3736 10
1295 3699 1357 3752 pro·

214 3775 329 3834 ficiat!
400 3771 624 3843 repellandamO
687 3768 1221 3841 11uaporanuanssBuapcrannicet.
1280 3773 1360 3826 raet

214 3863 317 3919 one.N‘
392 3864 424 3917 13
439 3861 547 3916 uidetur
568 3860 591 3913 C
609 3865 636 3926 (u
656 3877 689 3914 ea
707 3861 735 3924 b)
810 3859 952 3914 aduersum
971 3859 1054 3914 MSB
1129 3860 1161 3912 ll
1181 3876 1244 3929 ergo
1265 3860 1316 3915 (ΥΘ
1335 3867 1392 3914 el⁴

216 3970 239 4036 (r
257 3970 278 4006 s.
297 3952 336 4020 rc.)
355 3952 382 4005 B
402 3955 425 4016 (r
445 3952 525 4015 eros.)
546 3948 568 4001 S
613 3950 645 4001 15
665 3947 783 4001 rutunda
801 3947 843 4000 nr
864 3953 888 4000 et
907 3951 948 4000 ml
964 3946 1010 4002 Cn
1029 3946 1145 4000 rotunda
1167 3946 1253 4000 Onr3
1271 3947 1295 4003 n
1313 3951 1360 4001 m2

215 4047 262 4095 cet.
352 4041 384 4094 al
405 4041 432 4092 in
453 4037 573 4091 diuersas
592 4041 653 4106 (one.
669 4044 767 4104 postea
785 4037 825 4105 iu)
845 4036 884 4089 N‘
974 4036 1008 4090 24
1027 4042 1117 4089 roseta
1135 4035 1173 4089 N'
1194 4039 1217 4101 (t
1235 4052 1305 4090 erus.
1325 4038 1359 4105 11)

215 4131 249 4185 25
269 4135 316 4183 aut
336 4130 362 4182 in
382 4146 407 4198 g.
427 4126 556 4196 liquidior
574 4143 636 4180 sn.
654 4126 677 4178 (7
730 4125 821 4194 palute
844 4127 934 4191 (corr.)
955 4125 1104 4178 ncrdma
1120 4125 1173 4179 GP
1226 4125 1360 4179 turbidior

218 4218 304 4272 Gru?
316 4218 379 4271 ΜΒ
398 4215 531 4285 turpidior
551 4214 576 4268 G
595 4218 636 4267 ml
654 4219 701 4268 cet.
