2836 4822
157 339 221 402 288
627 331 827 385 Ambrosii

157 531 260 613 culpa.
284 530 391 593 iustus
416 533 523 592 autem
547 532 692 611 operator
714 527 826 591 mundi
849 546 1022 609 numquam
1046 529 1218 611 paruulum
1245 548 1303 593 uo·

158 640 263 702 cesset
294 637 326 700 in
361 637 499 717 culpam,
532 639 660 718 propter
693 635 777 717 quod
809 650 870 699 non
904 638 1097 718 cognouerat
1122 635 1241 700 bonum
1271 638 1305 700 et

156 746 286 820 malum,
317 743 391 825 quia
419 744 572 824 paruulus
603 742 671 806 sine
699 742 765 805 ullo
796 744 846 804 est
869 741 998 805 crimine
1021 741 1304 823 praeuaricationis
1369 750 1393 803 D

159 855 192 914 et
224 851 347 933 culpae.
381 869 492 914 uerum
527 870 599 914 cum
631 849 663 913 in
696 848 913 931 superioribus
943 847 1112 912 dixerimus
1133 847 1304 931 *duplicem

158 977 228 1023 esse
267 957 467 1021 intellectum
506 957 656 1021 scientiae
691 957 766 1022 boni
804 961 836 1020 et
871 956 957 1033 mali,
996 956 1023 1019 si
1055 955 1305 1038 perfunctoriam
1335 977 1348 1015 s

158 1065 325 1130 seientiam
354 1064 539 1146 accipimus,
569 1064 681 1145 utique
709 1064 827 1127 falsum
856 1065 907 1126 est
936 1062 1021 1146 quod
1049 1062 1129 1126 nihil
1157 1061 1258 1126 distet
1287 1082 1305 1127 a

157 1172 290 1254 paruulo
326 1171 380 1253 qni
404 1190 464 1234 non
491 1170 643 1254 cognouit
666 1170 785 1234 bonurn
809 1172 841 1232 et
859 1170 990 1247 rnalum,
1012 1169 1039 1234 si
1058 1172 1165 1234 antem
1184 1168 1304 1234 falsum

158 1282 207 1343 est
239 1278 323 1361 quod
356 1276 436 1340 nihil
466 1276 564 1341 distet
592 1296 610 1340 a
637 1278 781 1358 paruulo,
811 1295 884 1359 ergo
914 1295 975 1342 non
1003 1277 1158 1359 paruulus
1188 1276 1303 1340 Adam.

158 1385 185 1449 si
208 1404 269 1448 nou
293 1384 457 1466 paruulus,
483 1382 674 1446 adscribitur
698 1382 808 1464 utique
833 1383 861 1445 ei
886 1382 978 1464 qnasi
999 1403 1059 1448 non
1078 1382 1211 1466 paruulo
1231 1401 1305 1464 pec·

158 1495 274 1555 catum.
314 1491 342 1554 si
379 1493 547 1572 peccatum
581 1489 781 1567 adscribitur,
816 1489 960 1571 sequitur
991 1509 1092 1572 poena
1123 1492 1303 1572 peccatum,
1326 1513 1351 1551 lo

71 1681 72 1684 Ἴ
158 1598 232 1680 quia
255 1598 370 1681 dignus
395 1597 556 1660 inuenitur
578 1615 680 1678 poena
703 1597 757 1678 qui
781 1600 949 1677 peccatum
972 1597 1075 1660 uitare
1099 1616 1160 1661 non
1184 1597 1302 1679 potuit.
1372 1606 1393 1660 E

157 1705 376 1787 potestatium
394 1704 460 1767 fieri
476 1705 513 1767 ut
526 1703 622 1766 etiam
638 1703 692 1784 qui
708 1704 872 1767 scientiam
888 1723 950 1767 non
970 1702 1067 1767 babet
1084 1703 1159 1767 boni
1178 1707 1212 1768 et
1225 1704 1305 1768 mali

157 1812 310 1894 paruulus
327 1830 388 1874 uon
404 1810 455 1885 sit,
471 1809 620 1892 quoniam
636 1810 872 1892 priusquam
892 1810 1022 1874 sciuit
1040 1828 1141 1892 puer
1156 1809 1305 1874 bonum

159 1922 198 1982 et
215 1919 373 1993 malum,
394 1937 467 1981 non
488 1915 877 1982 crediditmalitiae.
894 1916 1057 1980 etiterum
1073 1915 1189 1980 habes:
1207 1917 1307 1998 quia

158 2025 395 2107 priusquam
429 2023 538 2088 sciat
569 2042 668 2104 puer
700 2042 846 2087 uocare
875 2027 1029 2106 patrem
1059 2026 1098 2086 et
1124 2026 1351 2101 matrem,1a

159 2132 341 2214 accipiet
372 2130 574 2194 uirtutem
607 2129 798 2195 Damasci
833 2132 871 2193 et
908 2129 1043 2210 spolia
1081 2127 1305 2194 Samariae.

160 2239 320 2319 perfectus
355 2257 429 2320 ergo
461 2237 516 2318 qui
549 2240 697 2318 operatur
729 2237 858 2313 bonum,
893 2236 1019 2300 etiamsi
1052 2236 1126 2300 boui
1160 2239 1193 2300 et
1228 2238 1308 2301 mali

162 2343 328 2408 scientiam
352 2363 413 2407 non
438 2343 573 2426 adeptus
598 2343 651 2422 sit,
675 2345 713 2406 ut
735 2343 831 2406 multi
854 2343 1038 2426 priusquam
1064 2343 1168 2407 sciant
1199 2343 1308 2428 legem

160 2450 223 2532 ipsi
239 2450 301 2514 sibi
315 2451 366 2513 lex
381 2454 464 2514 sunt.
481 2450 583 2532 <quid
594 2454 632 2522 P>
655 2449 739 2530 quod
759 2452 924 2531 apostolus
943 2450 1128 2533 priusquam
1148 2450 1307 2516 disceret:

160 2575 235 2620 nou
251 2557 531 2638 concupisces,
545 2558 665 2620 malurn
677 2576 746 2621 esse
759 2557 1046 2639 concupiscentiam
1058 2556 1243 2621 nesciebat?
1255 2556 1307 2622 de·
1327 2580 1352 2621 ro
1373 2566 1392 2620 F

160 2663 256 2744 nique
275 2663 344 2745 ipse
365 2664 423 2727 ait:
443 2668 656 2746 peccatum
675 2683 748 2727 non
770 2664 947 2747 cognoui
966 2664 1049 2728 nisi
1072 2683 1142 2746 per
1159 2664 1308 2749 legsma

160 2789 245 2833 uam
270 2770 659 2853 concupiscentiam
683 2771 926 2851 nesciebam,
951 2771 1032 2835 nisi
1050 2770 1114 2835 lex
1133 2769 1308 2836 diceret:

161 2896 234 2940 non
260 2878 545 2959 concupisces.
570 2877 608 2940 ad
633 2896 727 2959 quam
752 2881 873 2960 partem
898 2877 994 2942 etiam
1012 2896 1092 2960 puer
1109 2880 1220 2960 potest
1237 2897 1309 2944 esse

160 2983 320 3064 perfectus
362 2983 430 3047 iure
468 2987 608 3060 naturae,
654 2984 841 3065 priusquam
888 2985 968 3049 sciat
1013 2983 1309 3066 concupiscentiam

162 3089 278 3152 crimen
303 3108 373 3153 esse
398 3089 449 3152 uel
474 3090 749 3171 concupiscentiae
774 3090 890 3154 crimen
916 3090 1072 3155 admittat.
1097 3109 1170 3174 ergo
1196 3109 1308 3155 socun-
1325 3115 1351 3154 e,

161 3195 236 3258 duni
259 3195 504 3277 perfunctoriam
529 3197 696 3261 scientiam
718 3198 825 3262 uoluit
843 3196 921 3262 deus
940 3197 1100 3262 bominem
1119 3197 1201 3262 scire
1220 3197 1308 3281 quod

251 3413 283 3467 13
303 3412 374 3465 Esai.
395 3414 419 3476 7,
441 3414 473 3465 16
530 3415 563 3466 14
582 3413 654 3467 Esai.
673 3414 732 3476 8‚4
787 3415 820 3468 18
838 3415 956 3478 Rorn2,
972 3415 1006 3468 14
1059 3414 1094 3469 20
1113 3412 1257 3480 monas,
1274 3415 1306 3468 17

159 3501 316 3563 Rom.7,r
372 3502 404 3554 21
426 3503 503 3559 Rom.
524 3504 584 3565 7,7

198 3623 312 3692 iculpa
331 3626 373 3677 est
395 3624 422 3678 V
440 3628 493 3690 (est
507 3631 607 3694 postca
627 3627 704 3693 odd.)
723 3627 758 3680 P‘
813 3629 989 3696 prouocasset
1010 3625 1040 3679 θ’
1089 3626 1254 3696 Bparnnios
1273 3624 1311 3681 Μ

160 3713 534 3782 squinon...aparuu10
564 3730 614 3768 om.
643 3714 701 3767 PV
823 3715 952 3783 8quod]
983 3715 1047 3783 quia
1073 3713 1101 3767 B
1208 3714 1306 3770 Adam.

160 3802 183 3855 si
203 3819 256 3854 non
275 3802 404 3871 paruulus
424 3819 474 3856 om.
494 3802 552 3856 PV
659 3803 692 3857 10
711 3804 734 3857 si
757 3808 897 3872 peccatum
917 3821 968 3857 ora.
983 3803 1048 3858 RV‘
1157 3804 1189 3858 11
1209 3821 1307 3875 pecca·

158 3895 216 3944 turn
239 3908 325 3959 usque
348 3892 387 3944 ad
409 3910 552 3961 personam
575 3894 615 3961 (p.
637 3896 704 3958 289,
723 3895 768 3963 21)
788 3911 838 3947 om.
858 3893 923 3948 RV‘
997 3894 1030 3946 12
1059 3893 1124 3948 mali
1150 3899 1180 3948 et
1196 3893 1310 3950 bouiO

161 3982 193 4034 13
213 3981 338 4049 quoniam
359 3982 404 4049 qni
419 3982 446 4034 P
463 3983 520 4053 (qui
535 3981 606 4051 esp.)
625 3983 651 4036 V
664 3983 706 4046 (in
719 4000 768 4052 rap.
784 3988 826 4036 ml
840 3983 877 4036 ai.
892 3991 936 4052 qm
951 3983 1081 4052 priusque
1094 3982 1176 4038 sciuit
1188 3984 1269 4056 puer)
1285 3984 1310 4039 G

195 4069 264 4121 sciat
281 4069 319 4121 M
392 4071 424 4122 14
443 4071 530 4123 credit
547 4071 585 4123 M
663 4070 747 4124 habes
767 4088 817 4125 om.
837 4071 865 4123 B
932 4074 965 4125 lb
984 4088 1050 4141 puer
1066 4088 1087 4125 s.
1106 4087 1134 4125 u.
1158 4070 1186 4125 V
1265 4075 1307 4144 st]

159 4161 206 4209 sut
224 4158 261 4210 M
356 4162 384 4211 et
403 4161 516 4212 matroni
536 4175 588 4214 om.
608 4159 672 4213 81³⁴*
765 4162 798 4213 19
817 4164 881 4213 sunt
899 4161 941 4214 ier
960 4160 1028 4214 W
1118 4156 1185 4230 quid
1204 4160 1311 4217 addidi

159 4246 193 4298 ‘20
212 4262 265 4298 non
284 4245 387 4299 sciebat
409 4245 432 4299 0
485 4247 519 4299 26
538 4248 618 4300 nouit
636 4247 719 4301 SBP‘
738 4248 827 4302 noluit
845 4267 864 4318 p
936 4248 1020 4318 quod]
1041 4247 1106 4318 qnia
1122 4247 1151 4302 B
