2836 4822
165 329 232 391 270
641 324 835 378 Ambrosii

166 521 266 585 nostri
299 521 485 585 memoriam
517 521 726 603 peruenisset,
760 521 821 584 nisi
853 520 968 585 mulier
996 432 1209 615 dominseius
1240 542 1319 588 con·

165 626 341 691 tubernalis
375 626 483 708 ignitis
517 626 635 689 diaboli
674 626 805 708 spiculis
845 627 976 691 incitata
1013 630 1204 709 temptasset
1243 630 1318 694 eius
1385 634 1405 687 Β

166 735 327 811 affectum,
352 733 413 796 nisi
437 736 597 814 postremo
623 734 805 797 affectasset
829 733 897 796 eius
922 708 1107 833 interitum}
1117 752 1179 817 quo
1200 735 1320 800 clarior

166 842 254 904 esset
277 840 464 903 castimonia
487 839 560 914 uiri,
585 839 639 921 qui
665 841 798 902 mortem
821 859 877 920 pro
903 841 1050 904 castitate
1078 843 1318 924 dirempserit.

167 947 217 1010 nis
239 947 319 1010 scire
339 946 508 1010 consilium
528 946 602 1009 dei?
623 965 735 1027 nempe
755 945 880 1010 diabolo
901 949 1030 1010 auctore
1050 942 1144 1023 n'pces
1165 947 1321 1013 uidentur
1352 975 1364 1012 a

167 1054 262 1118 iustis
278 1053 458 1118 hominibus
475 1052 661 1135 praeparari,
678 1053 812 1116 exerceri
833 1072 958 1133 qnoque
977 1034 1146 1135 parricidia
1164 1053 1318 1122 liliorum.

168 1164 306 1225 attamen
324 1159 469 1224 dominus
486 1160 644 1223 Abraham
664 1159 759 1222 etiam
779 1160 838 1222 lrac
859 1162 924 1222 arte
944 1159 1125 1241 temptauit,
1146 1164 1184 1224 ut
1203 1161 1318 1226 immo·

167 1269 224 1332 lari
249 1267 310 1330 sibi
329 1267 432 1330 filium
452 1268 490 1330 ab
510 1267 622 1331 codem
641 1267 828 1347 postularet.
849 1285 911 1348 qna
929 1266 1138 1347 temptatione
1157 1268 1318 1332 Abraham

167 1375 270 1438 tidelis
300 1377 348 1438 est
377 1374 503 1438 domino
533 1373 756 1454 conprobatus,
787 1373 872 1455 quod
901 1394 918 1437 a
947 1373 1127 1438 deuotionis
1161 1375 1317 1457 obsequio

167 1501 224 1545 nac
249 1480 358 1544 dilecti
382 1480 439 1543 tilii
463 1479 667 1544 miseratione
690 1483 859 1544 reuocatus
884 1483 943 1545 est.
968 1480 1013 1544 ita
1036 1499 1110 1564 ergo
1136 1484 1169 1544 et
1191 1481 1318 1564 lignum
1336 1487 1400 1546 loF

168 1587 320 1650 scientiae
350 1587 424 1650 boni
454 1592 485 1650 et
513 1587 589 1649 mali
617 1586 648 1649 in
678 1586 835 1668 paradiso,
865 1586 948 1668 quod
978 1590 1045 1650 erat
1068 1587 1252 1669 speciosum
1279 1587 1318 1651 ad

167 1694 274 1757 uisum
304 1698 336 1756 et
363 1695 482 1758 bonnm
512 1693 549 1756 ad
579 1712 684 1757 escam
716 1693 822 1775 specie
846 1693 1034 1767 uidebatur3
1059 1712 1120 1757 non
1145 1693 1228 1758 enim
1252 1713 1316 1758 usu

167 1801 284 1864 bonum
314 1800 352 1862 ad
382 1819 486 1863 escam
513 1804 588 1866 erat.
614 1801 763 1881 quoniam
789 1819 861 1863 esca
886 1800 954 1863 eius
979 1800 1108 1864 uidetur
1131 1800 1315 1864 hominibus

165 1907 318 1972 obfuisse.
348 1926 421 1989 ergo
452 1910 501 1970 est
531 1907 615 1989 quod
645 1907 781 1990 singulis
806 1911 929 1983 noceat,
954 1907 984 1970 in
1010 1926 1176 1972 commune
1201 1907 1314 1990 prosit.

166 2017 204 2076 ut
230 2014 327 2077 Indae
352 2014 461 2077 nocuit
489 2013 645 2083 diabolus,
671 2014 726 2076 scd
750 2017 873 2095 praetor
896 2014 987 2077 illum
1014 2033 1121 2077 omues
1146 2013 1312 2095 apostolos
1335 2041 1359 2081 15

167 2121 341 2195 coronauit,
366 2121 421 2202 qui
444 2120 583 2183 malitiae
609 2121 677 2183 eius
702 2123 930 2201 temptamenta
954 2120 1107 2186 uicerunt.

123 2237 165 2298 10
212 2226 323 2306 ltaque
354 2246 455 2307 neque
485 2225 696 2289 dubitandum
720 2245 821 2308 neque
845 2225 1136 2307 reprehendendum
1170 2225 1256 2306 quod
1281 2227 1313 2291 in
1361 2234 1407 2287 lle

165 2332 309 2414 paradiso
340 2332 485 2396 diabolus
514 2337 589 2410 erat,
620 2333 874 2415 quandoquidem
905 2333 1069 2397 occludere
1099 2333 1217 2397 sanctis
1249 2351 1313 2396 non

166 2439 273 2522 potnit
291 2439 360 2520 iter,
383 2439 511 2520 nequis
532 2439 733 2514 ascenderem
754 2459 853 2521 neque
874 2440 956 2502 enim
972 2439 1065 2502 iustis
1083 2438 1315 2502 habitationem

165 2545 323 2609 incolatus
354 2551 515 2627 tamqnam
543 2565 712 2627 possessor
740 2547 866 2627 eripuit.
900 2549 968 2609 esto
1002 2546 1084 2609 enim
1116 2547 1154 2608 nt
1186 2544 1314 2627 aliquos
1334 2570 1361 2609 ao

168 2653 292 2716 desides
331 2655 425 2734 at-que
463 2653 597 2716 uitiosos
640 2653 678 2714 ab
720 2653 859 2716 incolatu
904 2670 1057 2733 supernae
1098 2651 1315 2732 possessionis

167 2760 333 2823 auerterit:
368 2759 449 2822 illud
482 2760 583 2822 multo
618 2760 788 2841 augustius
822 2758 985 2839 multoque
1018 2756 1193 2838 pulchrius,
1228 2758 1314 2840 qnod

164 2868 348 2929 sanctorum
374 2866 568 2929 orationibus
589 2865 782 2941 excludetur,
803 2884 874 2928 cum
895 2866 1077 2948 conpletum
1096 2864 1193 2928 fuerit
1210 2864 1314 2929 illud:

165 2972 355 3035 uidebam
381 2970 558 3035 Satanan
584 2972 692 3034 siout
714 2970 855 3054 fulgur
879 2971 923 3034 de
947 2973 1059 3035 caelo
1089 2969 1313 3037 cadentem.
1375 2982 1396 3035 Β

167 3097 240 3161 ergo
278 3098 339 3142 non
377 3082 557 3142 metuamus
595 3098 680 3151 eum,
715 3079 768 3158 qui
803 3096 838 3140 eo
873 3096 973 3159 usqne
1005 3075 1148 3140 infirmus
1181 3079 1242 3154 est,
1277 3081 1358 3142 uta

167 3190 199 3248 et
234 3185 302 3266 ipse
341 3204 471 3248 casurus
509 3185 539 3247 in
577 3189 692 3248 terram
732 3185 784 3248 sit.
821 3185 942 3266 accepit
974 3183 1101 3265 quidem
1133 3184 1314 3265 temptandi

164 3291 336 3365 licentiam,
385 3291 440 3353 sed
486 3311 545 3355 non
594 3292 717 3373 accepit
759 3291 881 3374 copiam
924 3290 1106 3367 subruendi,
1148 3290 1212 3353 nisi
1254 3310 1316 3355 sua

257 3500 272 3551 6
293 3498 358 3551 Gen.
378 3500 421 3564 22,
444 3501 456 3552 l
478 3516 516 3568 sq.
575 3502 606 3553 15
627 3499 689 3552 Luc.
710 3501 788 3561 223
844 3500 879 3553 24
898 3499 961 3552 Luc.
984 3501 1025 3563 10,
1046 3500 1078 3553 18

203 3620 219 3672 3
239 3621 392 3673 affectasset
410 3625 457 3673 nrt.)
478 3640 511 3674 erc
530 3622 639 3673 affectos
661 3623 716 3685 (arel
735 3623 857 3688 allectus)
878 3622 925 3674 sed
947 3624 970 3675 P
1059 3625 1205 3675 anecessc
1224 3622 1253 3678 R
1274 3626 1315 3690 (se

163 3715 248 3771 crus)
341 3711 463 3762 'letiam
484 3711 610 3762 arbralram
631 3711 679 3762 liar
699 3710 874 3763 Nabralranr
894 3711 944 3763 hac
963 3712 1044 3762 etiam
1066 3709 1089 3761 (⁷
1194 3712 1316 3780 parteS

170 3798 201 3850 10
222 3803 263 3851 est
282 3815 331 3852 om.
347 3799 389 3859 M,
410 3800 445 3851 sit
460 3802 602 3851 reuocatus
617 3798 700 3852 Sall
758 3801 790 3851 12
811 3801 897 3852 uisum
916 3800 935 3866 (i
950 3816 970 3852 a.
986 3808 1024 3863 aa.)
1039 3798 1102 3851 Pei
1118 3815 1196 3852 naum
1216 3799 1315 3854 VO‘V¹

204 3888 263 3956 usn]
285 3889 345 3940 uisu
364 3888 429 3941 Bal
446 3889 533 3939 nisrrm
553 3888 636 3940 SBP'
703 3889 734 3941 13
754 3889 890 3941 uideretur
909 3888 957 3942 SB
1019 3889 1052 3942 19
1071 3888 1151 3940 iustis
1169 3887 1198 3940 P
1216 3894 1244 3957 (v
1263 3906 1285 3943 s.
1304 3890 1313 3943 i

169 3979 227 4039 ult,
246 3979 295 4030 scd
312 3984 392 4035 cras.)
466 3979 499 4030 '2¹2
519 3980 649 4031 auerterit
669 3980 695 4031 P
714 3984 766 4044 (·et
785 3996 852 4032 corr.
857 3994 864 4043 l
956 3978 1098 4047 angustius
1120 3976 1187 4031 Oet
1205 3982 1234 4046 (u
1253 3995 1277 4033 s.
1296 3996 1314 4032 n

168 4067 541 4134 ⁷›zajrnr.n1maean)s
603 4070 636 4120 ‘23
657 4068 808 4121 excluditur
825 4070 855 4121 N
917 4070 951 4121 24
970 4072 1048 4120 satan
1067 4066 1094 4120 R
1113 4069 1237 4120 satanam
1257 4067 1317 4122 MS

169 4157 202 4205 25
223 4158 263 4206 cst
281 4171 301 4206 a.
321 4172 348 4207 o.
368 4158 415 4207 aaa)
433 4155 469 4207 nl
539 4156 573 4207 ‘lo
592 4157 618 4208 in
639 4160 736 4209 terram
757 4174 865 4210 casurus
885 4158 921 4209 sit
938 4156 1006 4209 P‘c‘
1027 4172 1136 4210 casurus
1154 4155 1239 4209 sitin
1259 4162 1315 4209 ter·

168 4259 224 4293 ram
244 4243 270 4293 B
324 4245 357 4296 ’Ξῖ
377 4244 552 4296 subuertendi
571 4245 669 4300 ΜΨ
743 4247 793 4298 nisi
815 4247 859 4314 qui
879 4263 927 4299 sua
946 4247 982 4299 M
