2836 4822
168 340 232 403 436
641 334 838 403 Ambrosii

168 532 298 612 quidem
321 531 423 614 prima
447 530 551 614 specie
575 530 661 595 Adae
684 529 743 604 illi,
769 529 822 611 qui
846 529 885 594 de
908 534 992 594 terra
1014 531 1120 594 factus
1144 538 1204 608 est,
1230 549 1313 594 com-

167 639 269 722 parari
296 639 365 703 Noe
393 638 443 702 uir
470 638 586 715 iustus,
615 638 689 719 quia
717 640 749 701 et
777 637 814 701 de
842 637 897 701 illo
927 637 1081 721 scriptum
1110 641 1160 702 est
1190 639 1275 719 quod
1298 658 1313 701 e

167 746 312 827 paradiso
337 747 457 810 eiectus
481 746 621 828 coeperit
644 745 764 827 operari
788 748 913 822 terram,
938 745 976 809 dc
998 745 1062 808 isto
1087 763 1215 826 quoqne
1240 764 1314 827 quo-

167 853 250 916 niam
275 872 422 937 egressus
447 872 482 916 er
507 871 579 916 arca
602 852 705 915 factus
730 851 773 914 sit
796 851 944 933 agricola.
975 853 1007 914 et
1029 850 1260 933 propemodum
1283 850 1312 913 iu

168 964 302 1041 utroque
327 963 539 1042 praecesserat
563 958 717 1040 quaedam
742 960 844 1022 forma
863 957 988 1034 diluuii,
1009 957 1085 1040 quia
1104 961 1136 1022 et
1153 957 1223 1022 Noe
1242 962 1314 1040 post
1339 977 1351 1016 a

168 1068 325 1133 diluuium
364 1071 396 1131 et
431 1067 530 1131 Adam
574 1070 648 1148 post
688 1065 798 1129 mundi
839 1065 1098 1130 constitutionem
1139 1065 1313 1129 secundum

167 1175 355 1257 figmentum
388 1174 537 1257 corporis.
576 1193 648 1237 narn
681 1175 718 1236 ut
748 1173 886 1237 mundos
919 1171 1017 1247 fieret,
1047 1157 1239 1255 congregata
1265 1173 1314 1234 est
1371 1172 1388 1229 d

168 1302 249 1363 aqna
275 1282 306 1345 in
335 1301 430 1344 unam
459 1280 745 1364 congregationem,
774 1284 811 1344 ut
838 1280 999 1343 uideretur
1021 1283 1113 1358 terra,
1139 1297 1219 1360 quae
1242 1282 1313 1341 ante

167 1408 227 1452 non
251 1391 375 1471 poterat
397 1408 453 1471 per
476 1407 628 1471 aquarum
653 1387 871 1452 confusionem
898 1387 1009 1451 uideri.
1043 1405 1117 1469 ergo
1147 1386 1232 1449 sicut
1259 1384 1313 1449 illo

167 1496 358 1578 primigenes
382 1496 535 1578 magister
558 1499 671 1558 terram
695 1493 823 1558 uidetur
847 1497 1006 1575 operatus,
1030 1493 1074 1557 ita
1094 1493 1191 1557 etiam
1211 1509 1313 1576 egres·
1330 1511 1352 1548 o

167 1622 221 1666 sus
254 1622 289 1666 er
319 1623 390 1667 arca
417 1602 486 1666 Noe
515 1602 732 1666 seminationis
762 1605 794 1665 et
821 1602 965 1666 culturae
993 1606 1103 1666 auctor
1126 1600 1311 1665 estfactus.

166 1709 244 1789 llaec
268 1712 420 1792 putantur
443 1709 575 1772 similia:
601 1709 656 1772 sed
680 1708 707 1772 si
731 1708 829 1772 uerba
852 1709 1040 1787 consideres,
1062 1727 1141 1790 quae
1165 1708 1229 1771 iam
1247 1706 1312 1770 nim

167 1835 280 1879 sensus
310 1815 430 1879 altioris
460 1815 647 1897 exprimunt,
678 1814 764 1878 aliud
792 1818 843 1878 est
870 1803 1065 1896 operatorem
1098 1817 1200 1877 terrae
1233 1832 1312 1889 esse,

168 1922 254 1985 aliud
278 1922 464 2005 agricolam
490 1922 572 1984 alius
597 1920 679 1984 enirn
703 1925 866 2003 tamquam
891 1921 1105 1998 mercennarii
1129 1920 1211 1985 alius
1235 1926 1313 1985 tam-

167 2048 260 2109 quam
285 2029 384 2110 patris
408 2029 545 2092 familias
569 2029 639 2093 loco
663 2028 815 2110 fungitur.
840 2028 974 2109 denique
999 2027 1085 2106 Cain,
1111 2029 1164 2109 qui
1184 2029 1311 2093 fratrem
1331 2025 1387 2081 ¹⁵1)

167 2135 294 2212 occidit,
319 2139 385 2199 erat
408 2135 569 2217 operarius
594 2138 703 2198 terrae.
729 2138 761 2198 et
783 2138 820 2198 ut
843 2134 925 2198 scias
951 2135 1035 2216 quod
1059 2136 1180 2217 operari
1198 2140 1312 2200 terram

166 2243 269 2324 magis
303 2243 418 2306 seruile
451 2261 546 2324 quam
577 2241 713 2305 liberum
742 2242 794 2317 sit,
822 2241 992 2306 maledicto
1020 2242 1216 2324 parricidalis
1245 2243 1312 2307 eius

167 2349 307 2431 operatio
346 2348 619 2431 conprehenditur.
657 2347 792 2430 deniquo
830 2349 983 2430 seriptum
1022 2353 1085 2413 est:
1125 2350 1312 2430 quoniam

167 2455 407 2537 operaberis
432 2459 580 2519 terram
605 2458 642 2518 et
666 2470 739 2517 non
771 2453 940 2537 augebit
971 2454 1170 2518 uirtutem
1201 2474 1310 2519 suam

168 2563 259 2625 dare
290 2562 380 2625 tibi.
415 2580 577 2644 gemens
608 2566 646 2623 et
676 2564 853 2624 tremens
886 2560 969 2624 eris
1004 2580 1125 2642 super
1158 2565 1355 2627 terrama

78 2664 142 2728 108
166 2671 249 2731 terra
278 2671 384 2732 autem
413 2686 483 2730 caro
507 2669 615 2730 nostra
638 2670 696 2742 est,
723 2687 817 2749 quam
841 2667 1005 2751 improbus
1030 2672 1188 2749 operatur,
1212 2669 1312 2733 bonus

167 2778 273 2837 autem
298 2774 421 2850 excolit,
445 2773 500 2836 ille
525 2772 616 2854 quasi
639 2774 816 2837 mercedem
840 2778 971 2856 quaerat
995 2778 1122 2853 eterra,
1141 2774 1203 2839 iste
1223 2775 1312 2858 quasi

166 2881 265 2945 bonae
290 2881 413 2944 fructus
438 2880 543 2960 capiat
567 2884 599 2943 et
622 2880 755 2964 gratiam
784 2880 980 2962 disciplinae,
1010 2885 1045 2945 ut
1073 2881 1176 2966 magis
1204 2883 1311 2947 fructi·
1376 2877 1398 2932 Ε

165 2988 268 3051 terum
302 3007 412 3070 agrum
445 2988 543 3051 faciat
575 3007 667 3051 sirum
703 2992 733 3050 et
767 2989 821 3068 qui
849 2988 968 3051 domini
995 2989 1099 3071 possit
1125 2989 1312 3070 respondere

256 3195 402 3257 3119113,
422 3197 456 3250 23
514 3197 614 3250 chu.
636 3196 696 3260 1‚9
752 3197 785 3249 12
803 3196 882 3250 Philo
903 3196 936 3250 de
956 3197 1015 3266 agri
1034 3197 1310 3264 cult.1(1300,16)

167 3285 199 3340 16
220 3284 285 3342 Gen.
305 3287 330 3348 4,
350 3287 366 3339 2
459 3286 491 3339 18
511 3284 577 3340 Gen.
598 3287 623 3350 4,
644 3286 677 3338 12
768 3286 800 3338 21
820 3285 900 3339 Philo
921 3285 953 3339 de
972 3287 1032 3356 agri
1051 3286 1116 3339 cult.
1135 3289 1152 3341 5
1173 3287 1247 3355 (303,
1266 3288 1310 3352 37)

165 3377 200 3430 24
220 3375 300 3444 Uerg.
321 3374 418 3443 Georg.
439 3375 505 3429 147

203 3546 216 3598 1
236 3544 323 3614 prima
342 3549 431 3614 specie
453 3545 514 3598 T'B
538 3511 637 3615 primda
652 3545 742 3615 specie
760 3546 788 3599 P
804 3546 828 3614 (o
842 3561 863 3598 s.
882 3562 908 3598 o.
929 3550 1010 3612 erae.)
1030 3546 1146 3616 primum
1165 3562 1181 3598 a
1201 3546 1246 3612 (ab
1264 3545 1297 3599 N
1299 3553 1310 3610 )

165 3633 255 3702 specie
275 3639 322 3687 cet.
360 3634 375 3686 2
389 3634 458 3701 sort.
479 3639 509 3688 ut
528 3634 561 3687 de
598 3637 613 3688 5
634 3638 818 3704 praecesserat
837 3634 868 3686 T‘
889 3643 963 3704 (prae
983 3650 1016 3687 ea
1030 3637 1089 3703 pro)
1105 3634 1314 3703 processeratO

166 3723 207 3787 (iu
225 3739 278 3790 quo
294 3722 425 3791 quaedam
438 3727 617 3790 processerat)
633 3729 681 3778 cet.
725 3724 836 3777 8unam
851 3723 1006 3789 Pmoun)
1045 3722 1315 3793 9per]propterds

167 3808 199 3863 10
217 3810 380 3879 primigenes
400 3810 427 3862 P
444 3811 464 3873 (i
484 3810 534 3863 att.
553 3813 600 3862 m2
619 3826 652 3864 ex
671 3811 714 3880 ae)
784 3813 816 3865 12
835 3815 963 3880 putamus
985 3812 1009 3865 B
1096 3810 1267 3866 considerares
1285 3811 1315 3864 P

167 3898 411 3952 l3terracom.B
459 3899 491 3951 15
507 3899 592 3967 patris
609 3903 632 3964 (s
646 3916 667 3952 a.
683 3901 765 3968 u.)P
813 3901 845 3954 16
859 3900 942 3969 qnod]
959 3900 1070 3969 quiaM
1116 3902 1149 3956 17
1168 3901 1313 3955 sitom.B

200 3987 378 4057 parricidialis
397 3987 434 4042 M
480 3987 512 4040 18
533 3990 575 4040 est
593 4005 644 4042 orn.
663 3989 690 4040 B
737 3990 768 4042 21
790 3992 883 4042 nostra
902 4006 963 4043 caro
983 3991 1010 4043 B
1055 3990 1090 4043 22
1109 3993 1201 4043 cutem
1221 3989 1315 4043 om.C'

199 4076 246 4130 ille
265 4080 297 4129 ut
315 4075 344 4128 P
359 4077 402 4146 (ut
419 4092 440 4129 a.
460 4080 498 4142 u.)
522 4076 583 4130 T‘B
680 4078 785 4146 quaerit
804 4077 837 4130 N
931 4095 944 4131 e
963 4081 1036 4132 terra
1053 4078 1082 4131 P
1100 4080 1157 4144 (m2
1175 4093 1209 4131 aa
1226 4081 1313 4144 terra)

165 4171 257 4218 eterna
278 4164 308 4228 0,
327 4180 377 4220 oon
398 4164 434 4217 Μ
487 4165 1211 4220 2ὃὺοιιαεΡ-ηη0111011111)ηώἬῦοηίαὴ
1268 4184 1314 4221 ca-

164 4253 254 4323 pitD
272 4256 335 4319 (om.
356 4256 394 4320 et)
414 4253 446 4306 N
