2836 4822
135 323 175 385 78
605 317 804 370 Ambrosii

132 518 169 579 ut
192 516 288 579 etiam
313 514 442 598 repletis
467 513 626 595 uoluptati
651 516 746 595 atque
771 514 845 577 usui
869 513 921 578 sit.
947 514 1081 596 denique
1102 515 1140 578 ad
1159 515 1278 598 primas

134 622 226 686 datus
250 640 375 685 mensas
401 620 439 684 ad
464 620 618 684 secundas
642 620 804 683 remansit.

79 730 120 793 29
177 727 260 806 Quid
280 732 387 792 autern
403 731 564 791 creaturae
581 727 676 791 huius
693 727 836 790 adtexam
851 727 1041 791 miraculum
1057 732 1089 792 et
1104 727 1279 809 sapientiae

132 835 315 918 operatricis
349 833 517 917 exprimam
552 838 799 918 argumentum?
831 835 862 897 in
896 835 955 897 lrac
988 835 1070 898 enirn
1099 835 1279 918 germinum

132 942 236 1024 specie
261 945 293 1006 et
314 942 369 1006 illo
389 941 521 1005 uirentis
542 940 656 1005 herbae
675 960 803 1004 munere
823 941 927 1024 imago
949 944 997 1005 est
1016 941 1102 1005 uitae
1121 940 1278 1005 humanae
1311 967 1322 1002 a

133 1054 165 1113 et
193 1053 322 1112 naturae
351 1047 609 1129 condicionisque
633 1051 759 1111 nostrae
784 1046 908 1130 insigne
933 1047 1091 1129 quoddam
1116 1051 1280 1129 spectatur

133 1162 166 1220 et
195 1155 360 1237 speculum
390 1155 504 1218 clucet.
533 1153 589 1217 illa
612 1153 709 1217 herba
733 1157 763 1216 et
787 1153 845 1217 llos
870 1153 951 1218 laeui
976 1153 1077 1238 figura
1102 1158 1151 1218 est
1174 1155 1278 1219 carnis

133 1264 299 1340 humanae,
330 1261 415 1324 sicut
436 1261 539 1324 bonus
565 1260 744 1324 diuinitatis
768 1261 922 1343 interpres
947 1280 1062 1345 organo
1088 1280 1162 1325 suae
1187 1264 1278 1328 rroeis

134 1370 288 1452 expressit
324 1367 452 1431 dicens:
491 1369 619 1430 clama.
664 1366 752 1448 quid
794 1367 988 1432 clamabo?
1031 1369 1150 1433 omnis
1194 1388 1277 1434 caro

132 1475 284 1539 faenum
313 1478 349 1537 et
377 1473 496 1538 omnis
527 1473 649 1557 gloria
676 1473 839 1538 hominis
868 1479 910 1537 ut
937 1474 1011 1538 flos
1040 1474 1150 1539 saeui.
1176 1477 1278 1539 aruit
1300 1501 1323 1538 ιο

133 1582 282 1646 faenum
312 1585 348 1644 ct
375 1580 448 1644 flos
480 1579 633 1655 decidit,
658 1578 813 1643 uerbum
839 1584 961 1643 autem
985 1580 1126 1644 domini
1150 1585 1277 1646 manet

132 1688 168 1751 in
203 1693 405 1751 aeternum.
441 1686 491 1749 dei
524 1686 683 1750 sententia
715 1705 776 1749 uor
808 1687 945 1750 humana
978 1691 1036 1751 est.
1070 1687 1147 1750 deus
1182 1688 1278 1751 dicit:

134 1795 262 1870 clama,
302 1793 356 1858 sed
394 1793 425 1856 in
463 1793 532 1873 ipso
571 1792 665 1856 Esaia
700 1791 852 1873 loquitur.
886 1793 939 1856 illc
972 1793 1154 1874 respondit:
1190 1795 1279 1876 quid

134 1900 327 1964 clamabo?
360 1902 392 1963 et
424 1902 586 1981 tamquam
621 1898 696 1981 quid
728 1901 910 1980 loqueretur
942 1899 1085 1964 audisset
1118 1900 1279 1966 adiunxit:

134 2007 253 2070 omnis
278 2025 361 2070 caro
387 2007 546 2070 faenum.
572 2010 604 2068 et
627 2025 720 2082 uere3
746 2007 830 2069 niret
853 2007 936 2071 enim
962 2005 1062 2090 gloria
1086 2006 1223 2071 hominis
1248 2009 1279 2072 in
1300 2035 1324 2073 1⁵

134 2132 224 2176 carue
258 2113 348 2195 quasi
381 2113 506 2176 saeuum
541 2116 573 2175 ct
605 2132 685 2194 quae
718 2118 848 2195 putatur
881 2133 951 2177 esse
985 2113 1133 2177 sublimis
1167 2115 1280 2197 exigua

135 2219 224 2300 quasi
256 2219 355 2283 herba
388 2222 446 2282 est.
481 2222 681 2300 praematura
712 2226 749 2283 ut
780 2220 850 2296 flor,
886 2220 1003 2285 caduca
1032 2220 1122 2302 quasi
1150 2221 1279 2286 faenum

135 2325 290 2408 germinat
324 2325 517 2389 uiriditatem
551 2326 582 2389 in
618 2327 733 2407 specie,
767 2346 827 2391 non
860 2327 891 2391 in
925 2327 1029 2390 fructu
1069 2328 1279 2407 soliditatem,

134 2431 291 2495 hilarioris
321 2431 409 2495 uitae
438 2431 529 2513 quasi
553 2430 611 2496 flos
634 2433 842 2514 praetendens
867 2433 1107 2510 iocunditatem,
1131 2433 1278 2499 breuiore

135 2537 236 2620 spatio
267 2557 418 2602 occasura
446 2537 530 2602 sicut
558 2538 654 2602 herba
682 2538 775 2612 faeni,
806 2539 889 2622 quod
913 2540 1096 2623 priusquam
1123 2541 1281 2606 errollatur
1299 2568 1322 2606 ao

135 2644 257 2708 arescit.
276 2664 355 2726 quac
369 2643 453 2708 enirn
468 2643 628 2708 firmitudo
645 2644 674 2707 in
691 2663 791 2720 carne,
809 2665 888 2728 quae
905 2646 1074 2709 salubritas
1090 2650 1280 2727 potestesse

82 2749 308 2817 30diuturua‘?
341 2750 434 2815 hodie
466 2749 576 2814 uideas
610 2751 846 2815 adulescentem
884 2752 1036 2830 ualidum,
1074 2753 1280 2834 pubescentis

135 2857 247 2921 aetatis
285 2857 447 2921 niriditate
485 2857 656 2935 florentem,
695 2863 785 2942 grata
823 2860 927 2942 specie
966 2858 1121 2940 suauique
1155 2860 1280 2924 colore:

136 2963 272 3028 crastina
296 2964 345 3027 die
369 2964 428 3027 tibi
451 2963 564 3028 facicm
589 2969 621 3028 et
645 2983 698 3028 ora
722 2970 864 3029 mutatus
889 2966 1025 3030 occurrit
1049 2970 1080 3030 et
1105 2965 1159 3048 qui
1178 2966 1281 3048 pridie

135 3069 195 3132 tibi
230 3069 432 3134 lautissimus
470 3070 600 3134 decorae
638 3070 757 3135 formae
795 3071 884 3134 uisus
918 3075 967 3136 est
1001 3072 1101 3156 gratia
1133 3072 1195 3137 alio
1231 3074 1280 3138 die
1300 3101 1325 3142 aa

135 3176 333 3240 miserandus
358 3181 487 3258 apparet
515 3176 723 3259 aegritudinis
749 3177 883 3242 alicuius
904 3178 1085 3243 infirmitate
1106 3179 1278 3247 resolutus.

225 3367 242 3419 4
260 3366 323 3419 Bas.
343 3367 376 3420 97
398 3365 418 3421 C
438 3367 481 3433 (41
505 3367 540 3432 D)
595 3368 610 3420 9
630 3367 703 3422 Esai.
722 3368 765 3423 40.
786 3368 855 3421 6-8
910 3369 945 3421 22
963 3369 1025 3422 Bas,
1045 3369 1078 3420 97
1096 3367 1142 3421 CD
1159 3369 1202 3431 <41
1218 3368 1279 3433 DE)

136 3455 171 3507 24
190 3455 270 3523 L'crg.
291 3456 356 3510 Aen.
376 3455 461 3510 1658

175 3562 186 3614 l
208 3561 358 3614 uolumtate
380 3561 500 3627 C(oorr.
520 3565 577 3626 ord)
598 3562 733 3615 uoluntati
756 3561 875 3616 Gestar
949 3560 982 3613 ad
1002 3575 1070 3614 eruc.
1094 3561 1117 3613 C
1169 3563 1185 3615 2
1205 3579 1279 3616 rnen·

137 3649 173 3702 sis
196 3649 219 3701 (Ἰ
270 3651 494 3719 4αῐςιπηεηίιιῐη
514 3651 658 3718 exprimam
677 3648 709 3702 N
778 3650 827 3703 hoc
848 3650 870 3701 [l
890 3651 951 3720 (hac
970 3654 1016 3703 2113
1038 3649 1071 3717 C)
1128 3650 1283 3704 8uocisC

139 3739 158 3802 (i
178 3754 211 3791 cc
230 3741 254 3803 c)
312 3739 344 3791 18
360 3745 423 3806 post
443 3739 576 3807 germinat
595 3738 661 3791 add.
682 3737 782 3792 uitali
802 3740 886 3805 (uitae
909 3739 1004 3804 Gaul)
1024 3738 1108 3792 MSB
1186 3738 1280 3793 uiridi·

138 3860 222 3906 tatem
244 3853 320 3958 (diis.
341 3860 380 3919 a.)
400 3857 447 3907 m3
468 3854 492 3906 (J
508 3857 554 3907 ent)
572 3855 599 3906 P
654 3821 957 3908 rationalitasque!
1014 3855 1047 3907 22
1066 3853 1280 3924 pubescenth

139 3969 315 4038 pubescentes
334 3968 397 4022 PM
485 3970 519 4023 23
538 3969 679 4023 uiridit-ate
700 3969 751 4022 ΠΒ
770 3971 871 4023 uirtute
890 3969 987 4024 N‘MS
1080 3971 1210 4039 saeuique
1230 3971 1281 4024 ΠΒ

138 4059 215 4111 sunni
233 4058 330 4113 N‘MS
410 4061 444 4111 24
462 4057 558 4111 iacienr
578 4061 659 4114 lloc2
677 4060 738 4112 Atra
762 4058 844 4113 Uirrd.
865 4059 934 4112 facio
953 4066 1000 4113 cet.
1078 4076 1122 4112 ore
1141 4059 1179 4111 ll
1196 4058 1282 4112 or2S

175 4149 290 4199 occurrit
309 4145 371 4200 N¹S
389 4150 510 4200 occurret
528 4153 574 4202 cet.
640 4149 673 4201 25
692 4148 854 4200 lautisurnus
874 4149 909 4201 M
925 4148 1092 4201 lautissimus
1113 4146 1141 4209 S,
1161 4163 1212 4201 orer.
1234 4153 1279 4202 cet.

176 4234 288 4288 decorus
310 4235 334 4288 G
354 4239 400 4288 ur2
