2836 4822
312 358 459 411 Exnmeron
477 357 501 409 V
523 358 562 414 18.
584 358 625 420 19,
645 357 751 412 61-63
789 359 813 423 (Ι
834 359 885 412 104
904 359 1016 413 Β-105
1035 358 1078 424 B).
1199 364 1261 425 187

116 560 174 631 est,
208 573 287 635 quae
321 573 431 638 graece
464 553 580 617 dicitur
612 556 702 639 φήνῃ,
737 557 923 636 susceptum
956 555 1048 618 illum
1078 555 1147 619 siue
1176 556 1261 619 abdi-

115 667 222 726 catum
259 661 328 725 siue
367 680 427 725 non
465 661 608 743 agnitum
646 661 769 743 aquilae
807 661 933 742 pullum
970 680 1042 725 cum
1080 681 1138 725 sua
1174 662 1261 744 prole
1289 666 1314 720 l:

115 768 254 833 conectit
286 771 380 850 atque
412 767 630 831 intermiscens
663 767 730 831 suis
764 768 874 831 eodem
907 786 968 849 qno
1002 769 1144 851 proprios
1177 768 1262 832 setus

116 879 274 941 maternae
316 873 498 939 sedulitatis
541 873 645 938 officio
689 877 721 936 et
762 874 829 954 pari
870 874 1136 940 nutrimentorum
1158 866 1262 939 'sum-

84 982 345 1047 sministratione
373 982 477 1063 pascit
505 985 537 1045 et
563 981 674 1044 nutrit.
704 1000 778 1065 ergo
808 984 887 1065 φήνη
916 982 1036 1047 alienos
1061 984 1180 1047 nutrit:
1204 1002 1261 1047 nos

115 1109 190 1155 uero
228 1092 352 1153 nostros
389 1087 495 1152 inmiti
532 1087 719 1152 crudelitate
757 1087 939 1170 proicimus.
978 1090 1083 1171 aquila
1120 1109 1196 1154 nero
1235 1089 1261 1153 si

114 1196 238 1279 proicit,
271 1216 332 1259 non
365 1195 455 1276 quasi
489 1213 583 1258 suum
615 1195 739 1276 proicit,
774 1195 829 1258 sed
862 1196 953 1277 quasi
986 1195 1171 1279 degenerem
1200 1215 1261 1260 non

114 1303 335 1387 recognoscit:
360 1321 427 1380 noe,
453 1301 537 1383 quod
560 1300 652 1382 peius
677 1305 736 1377 est,
761 1320 839 1384 qnos
859 1305 985 1366 nostros
1004 1303 1261 1387 recognoscimus

114 1410 309 1475 abdicamus.

10 1516 42 1577 52
69 1539 94 1576 ιο
160 1516 221 1582 Sed
243 1517 406 1581 ueniamus
426 1517 466 1581 ad
484 1503 653 1592 turturem,
674 1535 768 1598 qnam
783 1517 832 1581 lex
848 1516 899 1581 dei
913 1518 1004 1582 uelut
1018 1520 1123 1582 castae
1137 1518 1261 1584 hostiae
1288 1531 1313 1585 l*

114 1643 230 1689 munus
250 1623 357 1708 elegit.
378 1623 513 1706 denique
529 1642 601 1687 cnm
616 1623 762 1687 dominns
777 1623 1066 1701 circumcideretur,
1082 1624 1187 1688 oblata
1202 1629 1260 1702 est,

115 1731 190 1812 quia
213 1729 367 1812 scriptum
392 1730 494 1794 estin
518 1730 589 1813 lege
614 1729 743 1805 domini,
769 1733 805 1793 ut
828 1730 938 1794 darent
961 1731 1097 1795 hostiam
1121 1751 1178 1812 par
1196 1735 1260 1795 tur-

115 1843 221 1902 turum
240 1839 297 1901 aut
314 1836 394 1900 duos
413 1836 519 1918 pullos
535 1836 762 1902 columbarum.
778 1836 838 1900 hoc
853 1841 902 1901 est
916 1837 1000 1901 enim
1014 1857 1126 1901 uerum
1142 1836 1260 1902 Christi

115 1943 303 2007 sacrificium
327 1943 481 2024 pudicitia
505 1943 676 2024 corporalis
696 1947 728 2007 et
746 1943 849 2027 gratia
867 1943 1031 2025 spiritalis.
1050 1944 1203 2026 pudicitia
1222 1944 1262 2008 ad

69 2070 94 2110 15
114 2052 271 2114 turturem
290 2049 432 2122 retertur,
452 2049 491 2112 ad
512 2049 690 2114 columbam
705 2049 815 2132 gratia.
830 2050 929 2114 fertur
943 2050 1059 2114 etenim
1075 2054 1190 2127 turtur,
1205 2050 1261 2115 ubi

114 2157 230 2241 iugalis
249 2156 367 2240 proprii
386 2156 482 2220 luerit
500 2156 671 2220 amissione
691 2156 832 2232 uiduata,
851 2162 1031 2238 pertaesum
1051 2157 1209 2222 thalamos
1229 2161 1321 2222 ot105
1336 2162 1362 2216 A

115 2282 226 2329 nomen
242 2263 356 2327 hahere
371 2262 520 2347 coniugii,
537 2282 572 2327 eo
589 2262 672 2345 qnod
683 2262 803 2342 primus
815 2281 902 2327 arnor
912 2263 1062 2327 fefellerit
1071 2283 1140 2327 eam
1151 2263 1259 2327 dilecti

115 2375 215 2434 niorte
239 2370 414 2452 deceptam,
440 2369 588 2451 qnoniam
613 2380 645 2432 et
667 2368 803 2432 infidelis
828 2369 867 2432 ad
886 2370 1128 2453 perpetuitatem
1148 2370 1211 2434 luit
1230 2373 1262 2433 et

115 2496 240 2542 amarus
264 2475 305 2541 ad
327 2475 471 2560 gratiam,
496 2476 549 2557 qni
569 2476 641 2558 plus
662 2474 779 2540 doloris
800 2495 836 2539 ex
855 2480 955 2540 morte
976 2495 1069 2558 qnam
1090 2475 1260 2540 suauitatis

71 2605 97 2642 ro
115 2604 151 2648 er
178 2583 309 2649 caritate
338 2583 544 2666 generauorit.
573 2582 682 2664 itaque
710 2582 823 2647 iterare
852 2582 1105 2647 coniunctionem
1134 2587 1261 2662 recusat

116 2710 171 2755 nec
195 2689 325 2772 pudoris
349 2688 418 2754 iura
441 2692 497 2753 aut
520 2689 702 2771 complaciti
726 2688 786 2752 uiri
810 2689 944 2754 resoluit
966 2688 1102 2764 foedera,
1127 2688 1175 2753 illi
1200 2688 1260 2752 soli

116 2815 207 2861 suam
235 2797 398 2861 caritatem
427 2799 578 2872 reseruat,
607 2796 655 2859 illi
684 2795 824 2860 custodit
852 2815 964 2860 nomen
994 2796 1109 2862 uxoris,
1134 2795 1258 2869 discite,

116 2903 274 2980 mulieres,
304 2906 421 2986 quanta
449 2904 492 2967 sit
519 2902 687 2967 uiduitatis
716 2903 827 2986 gratia,
857 2921 936 2984 quae
965 2903 1060 2966 etiam
1088 2901 1257 2966 inanibus
1285 2911 1310 2964 B

10 3013 45 3074 53
117 3009 324 3092 praedicatur.
353 3009 425 3092 quis
454 3009 551 3092 igitur
579 3010 635 3073 bas
658 3010 746 3092 leges
770 3010 887 3073 turturi
912 3009 1024 3077 dedit?
1048 3009 1076 3073 si
1099 3009 1258 3073 hominem

74 3140 100 3178 a»
116 3135 241 3198 quaero,
265 3135 326 3181 non
350 3115 487 3180 inuenio.
512 3116 606 3180 homo
632 3115 714 3179 enirn
733 3115 841 3180 nullus
861 3120 910 3179 est
929 3134 1037 3192 ausus,
1058 3115 1182 3197 quando
1203 3133 1259 3179 nec

115 3221 234 3287 Paulus
250 3242 347 3287 ausus
360 3226 410 3287 est
424 3225 511 3306 leges
527 3222 678 3286 tenendae
694 3222 862 3287 uiduitatis
881 3222 1104 3305 praescribere.
1125 3222 1259 3303 (lenique

115 3329 261 3412 ipseait:
281 3330 374 3394 uolo
395 3349 488 3414 ergo
509 3329 693 3394 iuniores
715 3329 874 3405 nubere,
895 3329 1014 3394 filios
1034 3348 1259 3412 procreare,

206 3520 239 3574 10
257 3520 319 3574 Bas.
342 3520 498 3589 lrlctto
517 3520 551 3578 Bi
592 3519 809 3581 linsamo
847 3520 880 3574 12
899 3520 986 3573 Lenit.
1009 3520 1087 3583 las
1126 3519 1158 3574 16
1180 3518 1259 3588 Uerg.

115 3609 182 3663 Aen.
201 3608 258 3664 1111
278 3610 383 3664 16-18
441 3607 507 3663 271
528 3609 594 3665 Tinr.
615 3613 640 3671 5,
662 3611 694 3663 14

153 3730 496 3788 letbfenillfenelt'
612 3732 1261 3802 aconnerricPernpr.maecenate

152 3823 273 3893 proprior
295 3821 361 3887 Oto
382 3823 432 3876 alt.
452 3839 485 3876 ea
504 3826 531 3888 u)
579 3825 595 3877 4
615 3821 770 3876 sedulitatis
788 3822 812 3875 θ
828 3823 848 3892 (i
868 3823 916 3878 alt.
936 3826 1078 3887 excindi
1125 3821 1261 3876 arrienos

119 3913 187 3976 G(o
207 3912 286 3979 exn)
325 3912 358 3967 10
377 3915 480 3975 caetrae
503 3912 526 3966 C
544 3917 584 3976 (ra
603 3929 662 3980 erp.
681 3916 738 3977 nr3)
779 3914 811 3966 15
831 3913 942 3981 etenim]
962 3912 1115 3968 enimth'
1155 3912 1261 3980 ldper-
1315 3979 1319 3988 Ι

116 4008 227 4056 taceant
248 4001 272 4055 C
293 4006 434 4072 pertesunt
453 4007 534 4066 (corr.
556 4008 602 4056 ora
621 4007 784 4071 pertaesum)
804 4001 828 4055 G
849 4008 959 4072 apertae
978 4005 1042 4055 sunt
1056 4003 1083 4055 Ρ
1102 4015 1181 4065 (corr.
1201 4017 1260 4068 per·

115 4093 217 4161 mesni)
240 4091 266 4144 V
282 4096 425 4162 pertaesus
445 4092 479 4146 M
496 4091 687 4162 pertaesis-S
755 4092 787 4146 18
806 4092 1015 4161 perpetuitatem
1039 4091 1062 4145 C
1079 4091 1100 4154 (i
1119 4106 1152 4143 ea·
1170 4106 1184 4143 e
1203 4089 1262 4156 rnS)

118 4182 151 4235 19
171 4181 235 4250 qnid
255 4179 279 4233 ss
299 4181 328 4248 (d
347 4197 405 4250 corp.
429 4181 465 4248 G)
530 4184 565 4237 26
584 4182 730 4237 rescribere
749 4181 773 4234 ss
794 4190 873 4247 (corr,
892 4187 940 4235 nrt)
960 4181 996 4248 G)
1066 4182 1099 4234 27
1120 4198 1183 4250 ergo
1209 4179 1263 4232 VN

117 4270 187 4323 enirn
210 4269 288 4325 CGP
