2836 4822
153 338 217 401 318
621 331 800 386 Ambrosi

153 525 270 590 lesus
300 531 332 591 et
360 526 450 589 alibi:
482 525 579 607 quid
606 544 664 589 me
692 525 825 588 uultis
858 523 1044 589 occidere
1075 523 1301 589 hominem?

152 633 233 715 legit
260 634 356 697 etism
384 633 479 696 Arius
510 633 583 714 quia
612 632 703 697 dixit:
732 632 919 714 quoniam
946 636 1064 712 pater·
1091 630 1218 695 maior
1241 650 1301 695 me

154 747 226 805 est.
262 740 382 824 legitur
415 739 543 822 quidem
576 739 791 816 manifestum,
826 739 883 802 sed
920 757 981 820 qua
1016 738 1137 802 ratione
1175 737 1301 802 dictum
1366 741 1390 792 D

155 845 198 910 sit
243 845 338 910 debet
374 850 445 911 ante
481 849 672 927 pertractare
710 864 829 922 seeum,
866 849 905 910 ut
943 845 1096 909 rationem
1139 844 1301 909 dictorum

155 953 259 1035 possit
282 952 456 1017 aduertere.
481 951 609 1016 ducitur
632 953 767 1034 quadam
791 951 1016 1036 magistrorum
1040 952 1241 1028 auctoritate,
1267 957 1302 1015 et
1330 968 1342 1005 ὁ

154 1059 327 1141 profuisset
354 1059 382 1123 ei
410 1078 472 1122 non
502 1059 666 1141 quaesisse
696 1079 790 1141 quam
818 1060 914 1123 talem
939 1058 1099 1123 inuenisse
1124 1058 1299 1124 doctorem.

154 1164 325 1229 sedetiam
349 1165 478 1248 gentilis
503 1167 530 1230 si
555 1167 626 1247 quis
651 1167 825 1247 scripturas
849 1166 993 1247 accipiat,
1018 1166 1112 1250 legit:
1137 1166 1301 1230 corilum

153 1291 222 1354 pro
256 1273 385 1348 oculo,
419 1272 576 1337 dentem
610 1291 678 1355 pro
712 1272 840 1347 dente,
871 1273 951 1356 legit
980 1273 1090 1338 etiam:
1124 1272 1160 1337 si
1190 1288 1302 1336 sean-

155 1378 409 1442 dalizauerit
431 1383 469 1443 te
493 1379 658 1442 dextera
682 1381 758 1456 tua,
784 1379 949 1443 abscide
974 1379 1102 1443 illam:
1126 1397 1187 1442 non
1207 1377 1301 1441 intel·

152 1485 233 1568 legit
271 1504 410 1562 sensnm,
448 1505 508 1549 non
546 1484 685 1548 aduertit
722 1485 820 1548 diuini
847 1487 1000 1550 sermonis
1043 1504 1163 1563 aroana,
1205 1484 1300 1567 peius
1323 1504 1347 1542 ro

154 1592 271 1656 labitur
299 1612 393 1675 quam
423 1593 449 1656 si
477 1611 539 1655 non
567 1592 708 1675 legisset.
740 1597 771 1656 et
798 1593 868 1656 ideo
897 1593 1007 1657 docuit
1030 1591 1302 1675 quemadmodum
1367 1591 1387 1644 Ε

155 1698 205 1761 dei
234 1698 368 1762 uerbum
397 1699 592 1781 inuestigare
625 1698 783 1775 deberent,
814 1718 874 1762 non
906 1699 1129 1782 perfunctorie,
1160 1717 1221 1762 non
1254 1699 1302 1761 in·

154 1805 296 1884 prouida,
320 1805 377 1869 sed
402 1805 568 1889 diligenter·
592 1809 687 1886 atque
711 1804 859 1869 sollicite.
885 1805 990 1887 quod
1013 1810 1100 1869 erat
1122 1805 1230 1887 inquit
1253 1807 1300 1870 ab

156 1912 287 1990 initio,
322 1913 427 1994 quod
463 1911 696 1976 audiuimus
733 1915 772 1976 et
808 1912 911 1993 quod
949 1913 1127 1976 uidimus
1165 1913 1301 1978 oculis

156 2020 323 2095 nostris
352 2019 633 2103 perspeximus
658 2023 695 2083 et
717 2036 856 2082 manus
882 2020 1046 2082 nostrae
1070 2021 1346 2099 perscruta-1⁵

155 2130 218 2189 tae
238 2128 339 2189 sunt
358 2126 403 2189 de
423 2126 543 2191 uerbo
564 2127 690 2190 uitae:
716 2128 754 2189 et
774 2125 953 2188 uidimus
978 2128 1017 2188 et
1039 2127 1240 2189 testamur
1264 2128 1304 2188 et

156 2229 448 2294 adnuntiamus
481 2232 610 2296 uobis.
644 2232 734 2295 uides
769 2230 851 2313 quod
884 2234 956 2295 ante
989 2229 1136 2294 manibus
1170 2230 1303 2313 quibus-

157 2336 226 2400 dam
264 2339 483 2418 perscrutatus
520 2336 564 2400 sit
596 2337 646 2400 dei
681 2337 813 2400 uerbum
847 2340 879 2401 et
910 2340 1022 2418 postea
1054 2337 1302 2404 adnuntiauerit.

157 2448 188 2506 et
219 2443 289 2507 ideo
321 2443 400 2507 nilril
429 2441 530 2507 Adam
561 2447 593 2507 et
619 2444 722 2507 Euam
749 2444 884 2508 fortasse
912 2444 1076 2507 nocuisset
1103 2444 1249 2521 uerbum,
1275 2445 1304 2509 si

155 2549 421 2630 pertractantibus
459 2550 627 2633 diligenter
664 2549 780 2615 mentis
819 2549 1010 2632 quibusdam
1048 2549 1193 2614 manibus
1229 2555 1302 2616 ante
1322 2550 1388 2607 ²⁰F

156 2656 352 2738 tetigissent3
377 2655 491 2739 infirmi
516 2657 596 2721 enim
618 2656 838 2738 pertractando
859 2660 890 2719 et
908 2655 1094 2740 diligentius
1112 2657 1303 2741 requirendo

156 2763 1301 2849 mrinsouiusquequamnonintelleguntpossuntinuestigarenaturam.

249 3026 339 3079 lloh.
359 3025 385 3087 8¹,
404 3025 440 3079 40
495 3025 705 3089 21011.14,28
766 3025 889 3081 sterit.
909 3025 952 3089 24,
972 3027 1006 3081 20
1065 3025 1201 3083 8Matth.
1223 3028 1247 3089 5,
1268 3028 1303 3082 30

159 3114 441 3184 lsslloh.l,lsq.

193 3256 291 3322 dfort.
311 3255 455 3308 manifesto
532 3254 703 3308 drationnm
724 3254 750 3306 A
823 3251 959 3307 {sdicitur
976 3252 1119 3307 ARSBV¹
1138 3250 1254 3308 discitur
1271 3253 1302 3307 D

194 3343 302 3413 quidam
320 3344 406 3397 APV
421 3347 449 3396 et
468 3342 585 3412 quodam
603 3342 669 3396 RV‘
689 3340 797 3411 quidem
816 3342 860 3395 P¹⁴
934 3344 949 3396 6
968 3341 1117 3411 profuisset
1136 3346 1161 3407 (t
1177 3357 1199 3396 s.
1218 3344 1259 3408 u.)
1276 3342 1304 3394 P

194 3433 345 3501 quaesisset
363 3433 389 3484 A
482 3432 576 3499 lquis
596 3448 646 3485 om.
665 3431 729 3484 ltV¹
808 3433 841 3485 10
860 3431 961 3484 auertit
978 3431 1040 3485 ΒΡ·
1059 3435 1084 3484 et
1103 3433 1185 3499 (corr.
1202 3429 1304 3496 ΜΞΝ

158 3519 351 3574 animaduertit
369 3519 399 3589 (d
416 3538 437 3574 s.
458 3524 496 3585 a.)
511 3521 538 3573 B
612 3521 742 3573 sermonis
760 3520 877 3575 archana
890 3521 917 3572 A
937 3524 961 3584 (r
980 3521 1029 3575 alt.
1047 3535 1069 3574 s.
1083 3518 1123 3588 u.)
1137 3519 1167 3572 D
1185 3518 1304 3573 archana

159 3616 267 3670 (meana
285 3609 332 3674 M)
353 3609 483 3662 sermonis
503 3615 550 3662 eet.
617 3610 649 3663 13
669 3609 762 3678 atque]
783 3626 813 3662 ae
832 3609 859 3661 B
898 3631 902 3638 ·
924 3610 956 3662 14
976 3611 1004 3662 et
1022 3613 1088 3662 ante
1106 3607 1191 3662 oculis
1210 3613 1303 3662 tram·

152 3698 236 3766 ponit
256 3697 286 3748 t'*
360 3698 444 3751 oeulis
464 3699 563 3751 nostris
583 3699 768 3768 perspeximus
787 3713 838 3752 om.
858 3697 890 3750 N
980 3700 1012 3751 15
1033 3699 1060 3750 et
1079 3712 1173 3750 insnus
1185 3737 1192 3750 .
1204 3701 1302 3752 ..sunt

158 3789 188 3840 in
206 3803 256 3854 serp.
276 3785 329 3853 ins.
349 3787 375 3839 A
431 3792 460 3839 et
478 3786 549 3856 quod
568 3803 664 3839 suanus
683 3786 739 3840 SP‘
797 3787 828 3840 17
847 3776 973 3840 manibus
990 3785 1102 3840 APVD
1119 3785 1198 3839 uelut
1215 3786 1303 3839 mani·

157 3877 207 3929 lius
226 3881 272 3929 eet.
357 3876 389 3928 lt
405 3875 578 3929 adnuntiaret
596 3875 660 3929 RV‘
681 3874 850 3928 adnuntiant
867 3876 905 3930 M
982 3876 1014 3928 19
1034 3873 1112 3928 adam
1132 3877 1161 3928 et
1180 3890 1259 3928 susm
1277 3871 1304 3926 ss

158 3964 224 4018 adse
245 3968 272 4016 et
291 3981 356 4017 enac
376 3964 405 4016 N
459 3965 610 4018 nocuisset
629 3965 654 4033 (e
675 3969 757 4029 erae.)
776 3966 803 4016 A
838 3965 874 4019 20
894 3964 1021 4017 dilienter
1038 3966 1065 4016 A
1138 3961 1304 4032 quibusdam

159 4061 222 4119 (ss.
242 4059 281 4113 u.)
301 4054 327 4106 A
382 4053 619 4116 missurusne.
641 4055 713 4115 ΨΑ
786 4052 1000 4122 requlrrendoA
1055 4052 1304 4120 22postinuesti·

158 4158 221 4210 gare
246 4141 312 4194 add.
336 4142 499 4194 sententiam
522 4141 690 4208 inuestigare
714 4140 750 4204 N,
774 4141 939 4209 inuestigare
964 4141 1125 4195 seutentiam
1150 4140 1217 4194 odo.
1237 4148 1306 4211 post

157 4229 318 4298 requirendo
339 4228 363 4282 C
379 4229 546 4299 inuestigare
565 4229 729 4282 sententiam
749 4233 811 4294 (om.
830 4230 996 4300 inuestigare
1015 4234 1149 4296 naturam)
1171 4229 1202 4284 θ’
