2836 4822
179 332 220 394 26
652 327 848 382 Ambrosii

178 523 246 588 eius
270 523 474 606 pulchritudo
498 527 692 589 uernasset?
726 524 871 589 demersa
894 524 985 607 equis
1014 525 1206 590 describitur
1232 525 1325 591 uelut

178 630 304 695 cuidam
335 630 562 714 principiorum
596 650 726 696 suorum
761 631 889 696 addicta
920 633 1084 716 naufragio
1114 636 1146 698 et
1173 633 1276 698 adhuc
1305 652 1324 697 a

178 737 337 802 nonnullis
361 738 446 802 fecta
469 758 530 804 non
555 738 712 802 creditur:
743 739 820 821 quid
848 739 876 803 si
904 739 1049 804 decorem
1072 739 1322 824 primogenitum

176 843 377 909 uindicaret?
406 845 530 910 accedit
556 845 636 909 illud
665 845 751 927 quod
778 845 955 911 imitatores
983 866 1041 911 nos
1069 847 1119 911 aui
1148 847 1226 911 deus
1252 866 1322 912 csse

176 951 290 1029 uoluit,
314 955 351 1015 ut
372 951 474 1034 primo
499 952 653 1016 iaciamus
677 952 794 1034 aliqua,
818 956 931 1035 postea
949 956 1167 1035 uenustemus,
1187 972 1225 1018 ne
1246 954 1321 1018 dum
1354 976 1364 1015 n

177 1057 272 1122 simul
300 1062 471 1140 utrumqne
505 1058 674 1137 adorimur,
707 1062 855 1122 neutrum
886 1060 1048 1143 possimus
1081 1060 1209 1143 inplere.
1242 1059 1321 1124 fides

175 1166 283 1229 nutem
306 1168 414 1229 nostra
437 1165 574 1247 quodam
598 1164 697 1248 gradu
722 1166 846 1231 crescit.
870 1166 941 1233 ideo
964 1167 1102 1249 primurn
1126 1166 1202 1231 fecit
1230 1166 1320 1242 deus,

174 1273 286 1352 postea
313 1271 508 1348 uenustauit‚
537 1275 574 1336 ut
601 1271 736 1335 eundem
765 1272 930 1337 credamus
959 1291 1087 1338 ornasse
1112 1273 1168 1354 qui
1190 1272 1266 1336 ferit
1289 1276 1322 1336 et

174 1376 289 1441 fecisse
324 1377 377 1459 qui
411 1377 579 1454 ornauerit,
608 1397 647 1442 ne
675 1378 810 1442 alterum
839 1384 987 1461 putemus
1017 1399 1155 1457 ornasse,
1185 1379 1321 1443 alterum

175 1485 343 1562 creuuissc,
373 1484 429 1549 sed
459 1484 593 1549 eundem
622 1488 793 1567 utrumque
823 1505 892 1550 esse
922 1490 1098 1568 operatum,
1121 1491 1159 1550 ut
1181 1486 1320 1568 primum
1342 1509 1364 1548 m

173 1591 300 1670 laceret,
323 1593 435 1673 postea
459 1594 660 1673 conponeret,
683 1595 720 1655 ut
743 1591 877 1655 alterum
895 1591 993 1656 altero
1014 1592 1201 1656 crederetur.
1221 1590 1320 1656 habes

173 1697 205 1760 in
229 1696 395 1780 euuangelio
419 1696 515 1761 huius
539 1696 585 1761 rei
609 1695 741 1761 euidens
761 1696 992 1761 testimonium.
1013 1716 1085 1760 narn
1106 1696 1320 1761 suscitaturus

172 1803 327 1867 Lazarum
361 1802 509 1867 dominus
541 1803 648 1880 iussit,
682 1807 718 1866 ut
750 1803 860 1867 ludaei
887 1805 1088 1867 remouerent
1114 1802 1252 1883 lapidem
1282 1802 1321 1867 de

173 1909 353 1992 sepulchro,
372 1912 410 1975 ut
427 1912 590 1973 mortuum
609 1907 755 1975 uidentes
774 1912 885 1991 postea
903 1909 1129 1973 resuscitatum
1149 1908 1320 1974 crederent.

174 2016 285 2080 deinde
314 2016 443 2080 uocauit
470 2016 633 2092 Lazarum,
663 2018 695 2079 et
722 2016 893 2079 resurrexit
921 2019 953 2080 et
979 2015 1088 2099 ligatis
1116 2015 1263 2078 manibus
1288 2018 1321 2079 et
1339 2044 1364 2082 ιι

172 2122 307 2205 pedibus
340 2122 439 2186 exiuit
470 2123 565 2187 foras.
599 2141 700 2187 nonne
733 2125 858 2205 poterat
889 2141 1053 2187 remouere
1087 2121 1225 2202 lapidem
1264 2122 1320 2203 qui

171 2231 298 2312 poterat
324 2231 487 2293 mortuum
515 2229 732 2294 resuscitare?
761 2233 793 2294 et
821 2229 876 2311 qui
904 2228 1011 2310 potuit
1039 2228 1188 2292 defuncto
1216 2226 1319 2292 uitam

171 2337 300 2402 reddere
333 2357 394 2402 non
426 2337 534 2419 potuit
566 2357 664 2402 uerus
698 2337 822 2402 soluere
855 2338 1082 2402 uinculorum?
1116 2336 1167 2400 cui
1199 2335 1319 2400 uinctis

132 2485 135 2492 -
172 2444 306 2526 pedibus
336 2463 482 2528 gressum
515 2443 611 2521 dedit,
644 2444 718 2508 huic
752 2464 812 2509 non
841 2444 947 2527 potuit
974 2443 1077 2525 ruptis
1105 2442 1243 2506 uinculis
1272 2441 1319 2505 in-

171 2570 298 2615 cessum
322 2550 477 2615 reddere?
501 2550 557 2615 sed
581 2550 691 2634 utique
715 2550 911 2615 aduertimus
945 2549 1157 2631 quod‘uoluit
1177 2548 1362 2632 primumn

171 2657 385 2721 demonstrare
431 2661 603 2732 mortuum,
649 2660 687 2721 ut
733 2657 834 2722 oculis
881 2657 948 2721 suis
991 2656 1161 2733 crederent,
1205 2655 1318 2720 deinde

170 2763 371 2841 resuscitare,
393 2764 488 2828 tertio
512 2764 630 2841 iubere,
655 2766 692 2827 ut
715 2764 777 2844 ipsi
801 2764 929 2828 uincula
952 2763 1070 2827 funeris
1090 2764 1259 2839 soluerent,
1280 2768 1318 2826 ut

170 2871 251 2934 inter
273 2870 337 2935 ista
359 2869 437 2935 tides
461 2870 681 2935 infunderetur
699 2870 881 2935 infidelibus
901 2873 933 2935 et
951 2889 1006 2954 per
1025 2870 1141 2954 gradus
1162 2869 1316 2951 quosdam

170 2975 339 3041 credulitas
363 2981 554 3041 nasceretur.

79 3078 114 3161 8,
125 3080 166 3142 28
213 3083 304 3148 Fecit
332 3102 406 3166 ergo
435 3084 573 3165 primurn
603 3083 681 3148 deus
706 3084 829 3148 caelum
854 3087 886 3148 et
908 3087 1035 3161 terram,
1061 3103 1097 3148 ea
1120 3086 1226 3147 tamen
1251 3101 1313 3147 non
1333 3115 1359 3155 25

168 3191 259 3271 quasi
274 3193 435 3273 perpetua,
451 3189 508 3254 sed
523 3190 614 3271 quasi
630 3190 843 3272 corruptibilis
865 3194 1025 3255 creaturae
1045 3188 1313 3257 consummationi

166 3294 272 3359 uoluit
291 3295 464 3362 subiacere.
484 3295 569 3359 unde
588 3296 618 3359 in
639 3296 752 3361 Esaiae
771 3297 851 3362 libro
873 3295 936 3361 ait:
956 3298 1087 3362 tollite
1105 3297 1140 3361 in
1167 3299 1313 3363 caelum

168 3400 299 3465 oculos
327 3403 481 3466 uestros
512 3405 549 3466 et
576 3403 738 3485 aspicite
766 3403 801 3467 in
836 3407 972 3468 terram
1006 3403 1189 3479 deorsum,
1224 3407 1313 3486 quin

257 3643 366 3697 121011.
388 3644 480 3708 11‚41
503 3661 561 3714 sqq.
617 3646 649 3699 27
670 3645 741 3699 usai.
761 3647 804 3709 51,
824 3650 841 3702 6

202 3785 218 3837 6
236 3783 378 3839 adoremus
400 3786 465 3840 Cet
482 3785 562 3850 (corr.
581 3790 638 3854 md)
658 3788 686 3840 P
703 3787 843 3842 adoremur
862 3792 943 3855 (corr.
962 3794 1017 3858 nr2)
1037 3790 1062 3844 G
1118 3793 1132 3844 7
1151 3792 1238 3861 prinro
1253 3793 1313 3847 MS

165 3873 181 3924 8
193 3872 263 3940 sort.
282 3872 378 3927 feccrit
396 3874 447 3943 (sic
469 3874 560 3941 Cant.)
641 3877 674 3930 10
692 3876 778 3946 primo
797 3876 829 3929 N
905 3878 934 3931 11
957 3879 997 3948 ut]
1016 3897 1050 3933 nc
1069 3880 1122 3947 N¹;
1139 3898 1172 3933 ne
1192 3881 1308 3934 alterum

164 3962 250 4014 altero
271 3961 316 4025 (ri
338 3963 431 4028 Curet.)
453 3963 545 4017 deesse
565 3964 718 4018 crederetur
738 3964 821 4018 Gau?
841 3965 922 4022 Cant.
972 3969 1178 4023 mumoniae
1243 3977 1310 4039 post

164 4050 294 4103 Lazarum
315 4067 369 4104 rus.
392 4055 410 4103 7
429 4053 480 4105 litt.
503 4051 526 4104 U
594 4054 697 4123 ligatus
716 4053 838 4108 PVM‘S
856 4062 881 4109 et
901 4059 943 4123 (us
962 4061 1009 4110 m2
1027 4075 1060 4111 era
1078 4058 1112 4122 is)
1133 4059 1169 4112 Μ
1214 4061 1246 4112 17
1265 4077 1308 4114 re·

163 4140 293 4192 suscitare
316 4139 438 4195 ccVnr
459 4142 589 4195 suscitare
607 4149 654 4197 oct.
746 4145 886 4215 reprimo
913 4145 967 4199 VN
1045 4149 1076 4200 ‘21
1099 4151 1126 4200 ot
1145 4147 1230 4200 oculis
1252 4148 1308 4205 Ceu

163 4227 197 4279 ’23
216 4227 314 4296 grados
333 4229 414 4298 (corr.
434 4234 490 4298 m2)
514 4229 592 4286 OGP
644 4231 678 4287 28
697 4233 725 4286 in
745 4249 796 4290 om.
815 4233 875 4289 MS
