2836 4822
276 359 317 413 De
337 359 405 415 Cain
424 362 451 412 et
470 360 539 413 Abel
558 359 571 412 Ι
589 361 615 422 9,
635 359 741 414 36-38
784 359 809 423 (Ι
823 357 875 413 200
891 357 998 414 0—201
1015 360 1059 426 B).
1184 363 1245 429 371

98 575 168 620 esse
192 555 400 619 maledictum
425 555 548 619 dicens:
573 559 609 618 et
634 556 754 620 oratio
780 555 861 620 eius
885 557 957 620 fiat
978 557 1015 620 iu
1039 560 1247 639 peccatum,

96 663 158 728 nisi
186 664 268 727 forts
296 662 454 726 mediocre
483 662 516 726 id
544 662 603 726 tibi
630 668 724 745 putas
755 682 835 729 esse.
864 663 1006 728 diffidere
1029 667 1079 728 est
1101 664 1185 726 enim
1210 663 1248 727 de

96 770 237 852 potentia
275 769 324 833 dei
358 770 526 833 aestimare
560 769 644 851 quod
676 789 736 834 uon
770 769 919 847 audiaris,
953 769 1014 833 nisi
1048 770 1247 834 clamaueris

97 877 235 941 clament
267 895 361 959 opera
392 879 458 952 tua,
492 876 608 940 clamet
640 876 728 952 fides,
773 878 889 941 clamet
930 877 1073 952 affectus,
1112 878 1248 941 clament
1275 878 1297 931 F

63 985 261 1066 spassiones
295 987 379 1058 tuae,
414 983 529 1046 clamet
563 983 693 1066 sanguis
722 986 810 1060 tuus,
840 983 925 1048 sicut
953 983 1053 1047 sancti
1085 983 1176 1060 Abel,
1210 984 1247 1048 de

72 1110 159 1172 ·quo
193 1089 271 1152 dixit
303 1089 381 1173 deus
416 1088 454 1153 ad
489 1088 579 1152 Cain:
618 1108 687 1153 uox
716 1090 914 1173 sanguinis
952 1090 1084 1154 fratris
1113 1091 1169 1153 tui
1203 1090 1246 1154 ad

96 1215 151 1260 me
176 1196 324 1260 clamat.
350 1195 440 1259 audit
464 1199 495 1259 te
520 1195 550 1258 iu
576 1196 710 1260 occultis
736 1197 790 1279 qui
814 1197 946 1261 mundat
967 1196 998 1261 iu
1019 1196 1164 1264 occultis.
1189 1215 1246 1261 nos

96 1304 158 1366 nisi
181 1304 364 1384 loquentem
393 1302 501 1366 audire
530 1322 590 1367 uon
619 1321 805 1386 possumus:
837 1303 920 1384 apud
949 1303 1043 1366 deum
1071 1303 1248 1385 loquuntur

95 1430 157 1474 non
182 1410 288 1485 uerba,
314 1409 370 1473 sed
394 1409 613 1492 cogitationes.
644 1413 676 1473 et
703 1413 740 1473 ut
768 1410 828 1474 hoc
856 1430 968 1474 uerum
997 1411 1091 1489 seiae,
1121 1409 1247 1474 dicebat

57 1516 244 1581 rodominus
269 1518 360 1580 lesus
385 1516 424 1578 ad
447 1516 599 1580 Iudaeos:
633 1516 732 1598 quid
756 1517 939 1599 cogitatis
971 1518 1068 1581 mala
1099 1517 1134 1580 iu
1170 1536 1246 1581 cor-

96 1623 206 1687 dibus
235 1623 400 1687 uestris?
429 1643 489 1687 non
521 1623 745 1707 interrogantis
769 1643 831 1687 uox
854 1624 916 1687 ista
940 1627 999 1700 est,
1023 1623 1080 1687 sed
1104 1623 1245 1696 scientis,

96 1729 181 1812 quod
206 1729 265 1792 tibi
289 1729 472 1794 manifest-ut
496 1730 693 1813 euangelista
718 1730 841 1794 dicens:
875 1730 983 1793 Iesus
1008 1734 1129 1793 autem
1155 1731 1343 1793 scie-aula

95 1837 159 1900 but
188 1836 443 1920 cogitationes
473 1855 610 1903 eorum.
641 1837 725 1902 sicut
753 1856 826 1919 ergo
856 1836 941 1901 filius
970 1837 1069 1912 nouit,
1100 1837 1190 1899 nouit
1214 1844 1244 1901 et

94 1948 194 2024 pater.
219 1944 322 2007 filium
345 1962 438 2007 nosse
464 1944 654 2027 cognouisti‚
678 1947 800 2025 patrem
822 1963 916 2008 nosse
936 1942 1010 2007 audi
1029 1943 1244 2007 consiliarium

52 2076 76 2113 ιε)
97 2055 128 2113 et
152 2054 267 2115 testem
292 2050 391 2134 patris
416 2050 586 2115 dicentem:
619 2052 694 2115 scit
726 2051 821 2114 enim
855 2055 962 2133 pater
994 2054 1123 2114 uester·
1155 2051 1244 2132 quid

96 2157 207 2221 uobis
241 2175 344 2239 opus
369 2156 431 2232 sit,
466 2161 664 2238 antequam
698 2157 841 2238 petatis
876 2155 918 2221 ab
952 2175 1003 2219 eo.
1037 2175 1137 2238 coque
1170 2176 1243 2241 ergo

95 2262 338 2326 subcinericiam
366 2267 454 2327 tuam
480 2282 596 2345 uapore
621 2263 753 2345 spiritus
778 2263 891 2336 sancti,
911 2281 1011 2343 coque
1032 2262 1127 2326 etiam
1148 2263 1244 2326 animi

94 2369 259 2449 passiones
275 2369 363 2433 uerbi
380 2370 491 2433 calore.
513 2371 573 2434 etsi
593 2369 755 2434 crudiores
775 2374 850 2433 sunt
869 2369 1033 2450 passiones
1052 2372 1125 2433 tuae
1145 2389 1244 2451 nuper

95 2474 229 2539 fortasse
258 2475 295 2540 de
324 2476 468 2559 Aegypto
498 2476 708 2560 egredientes,
737 2476 857 2559 operlto
885 2495 937 2540 eas
966 2479 998 2538 et
1026 2476 1110 2539 lento
1140 2477 1242 2541 calore

47 2609 74 2646 aa
94 2600 243 2663 excoque,
273 2601 311 2646 ne
340 2583 501 2647 fortiorem
530 2583 635 2666 ignem
664 2583 743 2648 ferre
772 2602 833 2647 non
867 2582 992 2664 possint
1024 2586 1057 2645 et
1093 2584 1241 2646 semusti·
1270 2585 1291 2637 B

92 2687 199 2752 lentur
222 2689 328 2770 potius
354 2708 448 2770 quarn
473 2693 663 2771 coquantur3
689 2693 764 2753 sunt
788 2691 871 2752 euim
891 2689 1027 2771 plurima
1046 2708 1125 2771 quae
1145 2689 1242 2753 cruda

92 2795 292 2877 displiceant,
321 2800 412 2860 cocta
440 2796 607 2861 delectent.
645 2796 718 2861 lone
749 2801 877 2876 pectore
906 2798 961 2859 tuo
991 2795 1055 2857 alta
1079 2795 1239 2877 mysteria,

91 2923 130 2965 ue
154 2906 353 2984 praematuro
383 2922 526 2967 sermone
555 2906 586 2966 et
613 2901 719 2965 inlidis
748 2901 877 2965 auribus
906 2903 958 2965 uel
987 2901 1120 2966 infirmis
1149 2903 1240 2984 quasi

91 3008 216 3072 incocta
249 3009 429 3072 committas
464 3013 559 3090 atque
592 3013 755 3073 auertatur
787 3008 913 3072 auditor
945 3013 978 3072 et
1010 3027 1083 3073 curn
1115 3011 1240 3073 horrore

46 3143 73 3183 ss
91 3116 245 3181 fastidiat.
279 3120 356 3187 (at)
386 3117 414 3181 si
443 3116 582 3181 coctiora
610 3119 763 3200 gustaret,
793 3116 945 3198 spiritalis
974 3117 1036 3180 cibi
1065 3117 1240 3200 perciperet

10 3222 45 3283 38
93 3223 295 3287 suauitatem.
326 3223 432 3287 diuino
461 3227 568 3287 autem
592 3223 739 3287 dominus
762 3223 854 3287 Iesus
879 3225 911 3287 et
932 3223 1108 3288 bonitatem
1131 3229 1162 3288 te
1187 3223 1240 3287 do-

183 3432 313 3486 lPsslm.
335 3432 456 3487 cvlns
500 3432 602 3487 6Geu.
621 3435 647 3493 l,
669 3433 702 3486 10
744 3431 877 3486 7Psalm.
897 3431 989 3486 XVIII
1010 3432 1042 3486 13
1087 3433 1118 3486 10
1137 3432 1236 3489 llatth.

92 3522 154 3583 9,4
206 3523 238 3574 12
253 3522 317 3575 Luc.
338 3523 395 3578 6.8
452 3522 685 3583 larissensis

126 3645 262 3699 lalamet
281 3652 310 3698 et
327 3645 394 3699 tides
413 3647 440 3698 B
550 3648 565 3698 7
585 3644 678 3698 audito
697 3662 757 3699 eum
778 3648 839 3709 (om.
859 3645 898 3715 te)
919 3645 945 3696 B
970 3645 1048 3698 audit
1066 3646 1136 3698 enim
1156 3650 1184 3697 te
1204 3647 1239 3699 A¹

89 3736 106 3789 8
126 3736 268 3803 loquentes
288 3736 324 3788 A‘
432 3736 581 3805 loquuntur
600 3734 723 3789 SBM‘V
740 3735 866 3788 locuntur
884 3740 931 3787 cet.
1032 3733 1064 3786 16
1084 3749 1191 3802 quoquo
1216 3734 1242 3785 V

92 3827 124 3878 17
145 3825 323 3879 subcinericia
341 3829 389 3879 tua
408 3826 522 3880 Monac.
543 3826 625 3878 2549
697 3841 804 3894 quoque
822 3824 860 3876 M
921 3824 953 3877 18
973 3823 1061 3876 calore
1080 3823 1104 3877 S
1121 3828 1146 3890 (e
1166 3839 1199 3876 ec
1217 3825 1237 3888 i)

89 3916 126 3968 20
145 3932 283 3985 exquoque
302 3915 409 3968 MM‘I’
480 3916 685 3968 scnmstilentur
703 3914 761 3968 SM
778 3914 992 3968 semiustileutur
1005 3913 1074 3966 MP
1093 3913 1238 3966 semiustu-

89 4006 182 4059 lentur
200 4012 247 4059 cet.
321 4007 353 4059 21
376 4022 444 4074 quae
457 4051 461 4059 .
474 4005 636 4074 ..mysteria
654 4021 704 4058 orat.
724 4003 857 4057 BM‘PP⁴
876 4003 1028 4072 plurima..
1042 4047 1045 4054 .
1057 4003 1185 4072 mysteria
1204 4020 1238 4055 no

88 4111 141 4148 om.
166 4095 191 4149 V
211 4095 328 4149 Uindob.
352 4098 411 4149 758
428 4096 559 4150 claviaco.
580 4097 819 4148 2549et14399
863 4095 897 4147 22
917 4093 980 4146 ioue
1000 4094 1084 4162 igitur
1103 4091 1125 4146 S
1143 4092 1239 4160 (igitur

88 4201 111 4238 a.
130 4201 157 4237 u.
177 4188 234 4245 m2)
306 4185 429 4238 misteria
447 4183 517 4238 MA*
615 4185 649 4237 al
669 4186 745 4236 cocta
764 4187 827 4248 (ona.
847 4182 885 4246 iu)
905 4182 943 4236 M
1013 4183 1121 4235 horrore
1140 4186 1187 4233 2112
1206 4198 1238 4235 es

87 4273 189 4326 honore
205 4271 228 4326 S
271 4272 473 4336 conlaudati,
494 4272 540 4342 qui
558 4272 599 4326 ed.
619 4271 712 4335 Rom.;
733 4271 756 4325 si
776 4274 871 4327 eontra
884 4271 999 4327 Monac.
1014 4273 1095 4326 2549
1113 4269 1195 4323 sim·
1215 4270 1241 4322 V

1149 4376 1200 4428 24*
