2836 4822
155 318 220 379 358
629 311 823 364 Ambrosii
914 272 920 279 ·

155 527 239 570 mare
269 506 382 580 sulcat,
413 509 528 568 terram
558 505 676 582 effodit,
706 504 828 568 caelum
854 502 938 567 uotis
964 503 1087 588 fatigat,
1111 523 1167 568 nec
1191 523 1304 569 sereno

154 618 243 695 grata
271 632 327 676 uec
352 612 460 674 nubilo
485 612 670 675 condemnat
693 612 866 693 prouentus
891 629 1010 674 annuos
1033 610 1180 692 fetusque
1203 615 1302 676 terra-
1352 631 1413 683 194.

154 741 223 784 rum
253 720 366 803 arguit.
397 718 452 783 sed
481 718 557 782 haec
587 718 751 801 aegritudo
777 720 826 782 est
852 717 983 790 animae,
1008 736 1069 782 uon
1094 718 1223 782 sanitas.
1250 719 1303 782 de-

154 827 248 907 niquo
272 827 483 889 Ecclesiastes
509 825 600 888 elicit:
632 828 689 889 est
720 825 880 908 languor
909 823 1046 900 malus,
1079 843 1184 906 quern
1215 825 1301 888 uidi

154 935 223 997 sub
262 934 356 1006 sole,
397 932 559 997 diuitias
599 931 789 996 custodiri
821 930 855 993 in
890 931 1028 993 malum
1062 931 1301 1012 possidentis
1338 955 1351 989 ,ε

154 1058 215 1103 eas
254 1042 285 1102 ct
323 1059 431 1120 supra:
476 1039 538 1121 qui
577 1039 710 1122 diligit
747 1041 944 1121 argeutum
983 1055 1056 1101 uon
1094 1037 1303 1101 satiabitur

154 1150 321 1227 argento.
359 1165 426 1210 nec
460 1149 518 1210 θεῖ
550 1145 640 1209 linis
675 1144 947 1227 adquisitionis
982 1162 1117 1208 eorum.
1151 1144 1178 1207 si
1207 1165 1302 1226 quae·

154 1254 195 1316 ris
241 1254 440 1329 thensauros
489 1253 595 1335 accipe
642 1251 821 1315 inuisibiles
869 1254 900 1314 et
946 1250 1100 1327 occultos,
1147 1270 1227 1333 quos
1268 1252 1300 1315 iu

154 1359 233 1423 caeli
267 1359 444 1434 altissimis,
478 1379 537 1422 nou
572 1378 650 1440 quos
686 1358 713 1421 in
748 1359 902 1421 terrarum
934 1357 1023 1420 uenis
1052 1356 1201 1438 requiras.
1231 1360 1300 1422 esto

154 1485 273 1547 pauper
301 1466 415 1547 spiritu
445 1469 476 1529 et
505 1466 566 1528 eris
592 1465 680 1528 diues
707 1464 930 1545 qualicumque
954 1483 1061 1539 ceusu,
1086 1463 1242 1544 quianon
1266 1465 1344 1527 iuro

154 1571 345 1635 abundantia
378 1571 561 1635 dinitiarum
587 1571 663 1649 ,uita
696 1576 745 1634 θεῖ
776 1570 924 1647 bominis,
959 1569 1014 1634 sed
1046 1570 1078 1633 iu
1111 1570 1232 1634 uirtute
1263 1591 1299 1634 ac-
1360 1581 1383 1632 Β

154 1677 224 1741 fido.
254 1678 333 1741 istac
362 1682 392 1741 te
422 1678 552 1742 diuitiae
580 1698 690 1741 uenam
720 1677 853 1741 diuitem
878 1677 1003 1754 ludent,
1028 1677 1056 1740 si
1080 1677 1124 1741 sis
1147 1677 1178 1740 in
1203 1678 1300 1741 deum

154 1785 266 1850 diues'

56 1903 143 1983 632
198 1891 326 1955 Audisti
351 1892 526 1974 uoluptatis
551 1892 710 1974 mysteria,
735 1891 852 1955 audisti
878 1891 973 1955 etiarn
998 1895 1174 1955 nostrarum
1196 1892 1300 1972 copia·
1361 1911 1382 1963 (ζ

154 2018 224 2061 rum
249 2018 389 2075 numera,
413 2018 491 2080 quas
517 2018 575 2082 ego
599 2018 660 2062 nou
685 1999 878 2080 superlectili
904 1998 1096 2080 operiendae,
1123 1998 1178 2061 sed
1202 1998 1300 2080 scrip·
1321 2022 1344 2058 a

154 2108 243 2169 turae
272 2105 365 2168 nudis
395 2106 593 2169 sermonibus
623 2106 881 2169 demonstrandas
915 2105 1036 2188 putaui.
1069 2107 1106 2168 ut
1138 2124 1196 2168 sua
1227 2104 1300 2168 luce

154 2212 316 2294 fulgerent
339 2216 370 2276 et
394 2234 429 2276 ex
453 2213 598 2294 seipsae
622 2232 732 2276 uocem
759 2213 939 2276 emitterent
958 2213 1007 2275 sui
1026 2212 1173 2275 inuicem.
1198 2231 1300 2294 neque

156 2320 238 2382 enirn
267 2320 316 2383 sol
345 2323 376 2383 θῖ
397 2320 474 2383 luna
497 2320 667 2400 interprete
692 2320 848 2401 indigent3
873 2320 990 2383 habent
1013 2319 1216 2401 interpretem
1239 2319 1301 2382 fal-

156 2446 262 2510 gorern
289 2426 338 2488 sui
362 2427 502 2503 luminis,
529 2446 590 2508 quo
616 2430 702 2490 totus
727 2428 868 2507 repletus
894 2426 977 2489 orbis
1002 2428 1060 2489 est.
1085 2426 1150 2489 illis
1173 2425 1300 2488 inlumi-

155 2533 240 2596 natio
275 2536 324 2596 est
355 2532 442 2608 fides,
477 2533 544 2596 sine
573 2533 674 2595 iudice
703 2533 855 2615 quaedam
885 2536 922 2596 ut
950 2533 995 2595 ita
1022 2532 1124 2595 dicam
1147 2531 1298 2595 intestata
1319 2559 1343 2593 n

155 2639 259 2715 testie,
289 2659 368 2721 quae
398 2639 497 2702 alieno
526 2659 586 2703 uon
613 2638 737 2721 indiget
765 2639 949 2703 testiruouio
978 2642 1010 2702 et
1038 2639 1143 2703 subito
1172 2659 1207 2702 se
1231 2640 1297 2703 uni-
1358 2649 1382 2701 Ι)

157 2765 321 2810 uersorum
351 2746 452 2809 oculis
482 2745 624 2809 offundit.
654 2765 714 2809 non
744 2765 817 2829 ergo
847 2746 1033 2809 nuntiantur
1060 2766 1153 2827 opera
1180 2747 1298 2821 nostra,

156 2854 211 2916 sed
236 2855 374 2916 clamant
398 2856 430 2916 et
453 2873 486 2915 se
510 2853 579 2933 ipsa
604 2852 758 2918 nuntiant.
784 2872 858 2915 saue
878 2855 914 2915 ut
933 2856 965 2916 et
983 2853 1042 2917 hoc
1063 2852 1147 2935 quod
1164 2852 1300 2917 laborio-

156 2979 226 3023 sum
251 2960 281 3023 in
306 2959 422 3023 uostris
448 2959 574 3023 ducitur
592 2980 652 3024 nou
672 2963 874 3041 praeteream,
894 2959 972 3023 fides
992 2959 1137 3044 erigitur,
1157 2960 1300 3024 studium

156 3066 361 3142 desideratur,
390 3066 473 3129 saeta
501 3071 705 3147 quaeumtur.
731 3066 779 3129 lus
805 3067 887 3129 enirn
911 3066 1014 3130 tribus
1039 3065 1186 3130 dominus
1210 3067 1301 3130 lesus
1318 3086 1345 3129 aa

156 3171 334 3236 deuotionis
363 3173 517 3236 hurnanae
548 3174 652 3236 officia
680 3173 824 3236 deliniuit
856 3173 977 3237 diceus:
1011 3174 1143 3255 petite,
1176 3177 1214 3236 et
1245 3173 1300 3236 da-

155 3278 259 3341 bitur
307 3279 430 3353 uobis;
479 3279 665 3360 quaerite,
709 3284 745 3342 et
786 3279 1009 3354 inuenietis3
1056 3279 1222 3360 pulsate,
1266 3282 1301 3342 et

244 3468 396 3530 allecta,
419 3469 450 3521 12
520 3467 707 3527 auectas
777 3467 962 3526 iBarueh3.
984 3470 1015 3522 17
1070 3469 1102 3521 10
1120 3469 1220 3524 naun.
1240 3472 1301 3532 {ud

156 3557 186 3610 11
209 3557 272 3609 Luc.
296 3558 336 3619 12,
359 3558 390 3612 15
456 3558 488 3610 12
507 3556 571 3608 Luc.
593 3557 633 3618 12,
655 3558 686 3609 21
759 3559 790 3608 14
810 3556 889 3610 Philo
911 3556 943 3610 de
962 3573 1042 3611 merc.
1062 3574 1125 3611 mer.
1145 3561 1163 3611 4
1183 3557 1223 3621 (ΙΙ
1239 3560 1301 3612 269.

157 3647 212 3714 lot:
233 3646 265 3698 dc
285 3663 352 3701 sacr.
372 3649 388 3700 5
410 3646 481 3701 (167,
502 3645 550 3707 36;
569 3645 580 3697 l
602 3646 662 3706 215,
681 3646 713 3697 21
739 3646 779 3713 0.)
854 3648 886 3700 17
906 3647 985 3700 Philo
1006 3646 1038 3699 dc
1058 3663 1123 3699 saer.
1143 3648 1160 3700 6
1179 3648 1252 3712 (168,
1275 3650 1301 3702 l:

155 3735 347 3797 Ι216,9(’.1
403 3734 1299 3800 2312ιὶ10(ῖθεεθτ.6(167.47;1216.8(Ὑ.1θῖ6(168.6;

156 3824 248 3879 Ι216.
271 3826 302 3878 13
325 3826 366 3888 (κ’.)
422 3824 456 3876 26
475 3823 573 3875 Mattlr.
595 3824 618 3878 7.
639 3825 653 3874 i

191 3967 207 4017 4
227 3964 294 4017 dicit
313 3963 335 4016 S
353 3966 394 4028 (in
415 3981 463 4032 aaa
484 3967 530 4017 arra
548 3965 597 4019 ana
619 3965 658 4017 ait
676 3966 712 4018 Μ
808 3968 839 4021 15
859 3966 996 4034 suplcctili
1015 3966 1051 4018 M
1068 3965 1259 4034 subpellectile
1277 3966 1304 4018 P

156 4054 343 4122 suppellectile
364 4057 390 4115 (e
410 4059 468 4107 tert.
489 4070 521 4106 ex
539 4055 546 4105 i
568 4058 623 4117 2112)
650 4056 673 4106 V
690 4056 854 4124 supellectili
873 4062 920 4108 cet.
982 4053 1300 4124 operienda...dcurou·

156 4141 266 4195 stranda
285 4142 433 4195 SAA‘MP
450 4148 474 4195 et
495 4147 572 4207 (corr.
595 4147 649 4209 »aar
671 4144 703 4195 P'
784 4145 815 4196 17
836 4148 863 4196 ct
882 4145 915 4196 P‘
937 4150 966 4197 ut
986 4150 1032 4198 cet.
1105 4143 1137 4196 21
1159 4140 1249 4196 subit-e
1269 4143 1304 4196 M

156 4232 189 4283 22
210 4231 325 4282 offundit
343 4232 442 4298 scra'psa'
460 4231 573 4286 effundit
594 4233 660 4285 libri
