2836 4822
165 349 231 410 492
642 344 841 397 Ambrosii

166 540 260 605 etiam
285 541 403 604 Romae
424 543 517 604 notus
537 539 638 603 fnisse
657 559 735 605 usus
756 538 881 615 dicitur,
901 557 938 602 ne
958 538 1014 602 filii
1036 558 1108 603 cnm
1127 540 1312 621 parentibus

78 644 139 707 117
165 652 197 711 et
227 647 360 711 maxime
390 648 524 730 puberes
559 647 712 710 intrarent
738 647 912 710 laneorum.
946 665 1058 710 sensus
1086 651 1192 709 autem
1224 645 1314 708 altior

165 756 225 819 hoe
248 755 355 829 babet,
380 754 455 836 qnia
482 754 633 836 insipiens
662 753 840 835 praesentia
867 753 1086 817 tantummodo
1110 751 1211 830 uidet,
1236 770 1313 833 qnae

165 863 197 926 in
231 861 332 926 oculis
367 865 451 934 sunt,
484 862 592 924 future
624 879 684 923 non
719 860 858 942 respicit,
891 859 1060 940 praeterita
1091 878 1152 923 non
1183 859 1312 942 cogitat,

166 969 291 1050 sapiens
320 972 426 1031 auteur
456 973 488 1031 et
516 967 686 1050 praeterita
714 967 896 1031 recordatur
924 970 955 1029 et
982 966 1089 1030 futura
1123 964 1312 1029 considerat.
1342 976 1386 1031 5F

167 1077 270 1140 omnis
299 1095 372 1158 ergo
402 1095 490 1138 mens
520 1074 647 1156 sapiens
676 1077 848 1138 retrorsum
876 1075 1028 1150 ambulat,
1056 1074 1117 1138 hoc
1146 1076 1196 1137 est
1227 1091 1312 1155 prae·

165 1184 259 1247 terite
278 1185 402 1264 spectat
416 1201 472 1245 nec
488 1185 616 1244 naturae
634 1181 769 1263 quodam
786 1201 847 1245 usu
863 1181 1048 1263 impeditur:
1068 1180 1148 1244 nihil
1165 1199 1311 1252 uacuum,

165 1290 244 1354 nihil
269 1288 388 1353 undum
414 1308 544 1352 snorum
568 1290 689 1370 patitur
713 1308 782 1352 esse
803 1291 976 1371 gestorum.
1001 1288 1104 1371 operit
1122 1306 1202 1369 qnae
1223 1286 1314 1349 aliter

167 1399 256 1481 gesta
281 1400 356 1460 sunt
380 1397 498 1459 amictu
523 1395 659 1476 quodam
685 1399 716 1459 et
740 1396 842 1478 gratia
865 1397 916 1459 uel
936 1393 1111 1478 praesentis
1136 1394 1239 1476 operis
1260 1392 1313 1456 nel

165 1505 274 1579 futuri,
291 1506 326 1566 nt
344 1503 423 1566 nibil
442 1502 623 1566 indecorum
643 1506 831 1583 praetereat,
851 1502 930 1566 nihil
948 1502 1125 1566 inornatum
1144 1501 1311 1580 relinquat.
1332 1531 1353 1566 n

164 1610 247 1674 nnde
273 1613 305 1673 et
328 1610 494 1692 apostolus
524 1610 686 1690 superiora
715 1610 972 1684 obliuiseebatnr‚
1001 1609 1105 1690 priora
1133 1608 1312 1690 appetebat,

166 1719 222 1781 sed
255 1717 515 1791 obliuiscebatnr,
545 1722 581 1779 nt
614 1717 823 1780 absconderet
856 1716 1088 1799 persecutionis
1117 1734 1248 1791 errores,
1277 1717 1313 1776 ut

164 1827 287 1907 tegeret
306 1823 469 1905 superiora
488 1824 605 1887 delicta
623 1824 777 1905 bonisque
798 1824 945 1906 operibus
965 1823 1177 1888 obumbraret.
1201 1822 1312 1886 beati

165 1933 248 1996 enim
269 1934 301 1994 et
320 1931 365 1993 illi
392 1949 559 2011 quornm
583 1935 695 1994 tecta
718 1933 887 2012 peccata
911 1932 1014 2007 sunt,
1037 1929 1070 1992 id
1090 1932 1140 1994 est
1158 1928 1185 1992 si
1205 1932 1312 2010 tegan-

165 2046 217 2102 tur
240 2038 332 2102 bonis
356 2038 449 2101 factis
470 2041 502 2100 et
521 2038 700 2119 operiantur
719 2038 873 2100 uirtutum
896 2036 1101 2119 sequentibus
1121 2035 1312 2117 disciplinis..
1332 2063 1356 2100 re

78 2140 141 2204 118
210 2149 257 2210 nt
281 2146 445 2210 sobrius
470 2146 573 2226 iniquit
596 2146 735 2209 taetus
756 2150 818 2208 est
836 2144 919 2209 Noe
940 2165 957 2208 a
976 2144 1080 2209 uino.
1106 2143 1312 2207 manifestum
1355 2152 1416 2206 275.

167 2258 215 2318 est
247 2273 282 2316 ex
315 2254 467 2316 ebrietate
500 2252 712 2316 intercedente
746 2271 855 2317 somno
893 2251 1015 2316 sobrios
1053 2249 1120 2313 fieri
1157 2249 1312 2326 homines,

166 2380 254 2424 ruens
290 2363 396 2423 autem
431 2359 536 2423 sobrie
569 2362 628 2436 est,
662 2359 786 2439 quando
816 2363 848 2422 et
875 2358 1045 2441 praeterita
1071 2361 1104 2422 et
1131 2358 1240 2421 futuro
1263 2378 1313 2422 eo·

166 2467 300 2551 gnoscit.
335 2466 440 2530 sobria
469 2485 543 2548 ergo
573 2470 641 2528 erat
668 2485 756 2529 inens
786 2466 862 2529 insti
891 2468 923 2529 et
952 2465 1074 2547 quando
1104 2465 1190 2529 ebria
1222 2468 1313 2546 puta-

164 2576 274 2650 batur;
309 2577 359 2637 est
392 2573 474 2638 enim
508 2573 702 2654 praeclarum
736 2575 886 2654 poculum
919 2573 1076 2637 inebrians
1109 2572 1224 2637 iustos.
1257 2572 1358 2639 illeso

165 2685 271 2745 antem
300 2699 373 2743 nere
407 2680 582 2743 inebriatus
616 2685 682 2743 erat
715 2681 769 2761 qui
800 2680 922 2743 ridebat
952 2685 1085 2761 patrem.
1119 2679 1195 2761 quia
1227 2681 1311 2742 enim

163 2807 265 2869 neque
285 2786 487 2868 praeteritam
507 2787 719 2869 generationis
738 2786 871 2869 gratimn
892 2806 992 2867 neque
1011 2788 1206 2869 praesentem
1223 2805 1311 2849 reue-

163 2896 296 2958 rentiam
324 2895 422 2977 patris
452 2913 553 2974 neque
581 2894 719 2956 futuram
747 2912 880 2973 poenam
908 2897 1054 2974 paternae
1077 2893 1211 2957 iniuriae
1236 2912 1309 2958 con·

163 3000 331 3075 siderabat,
365 3020 438 3063 nere
472 2999 578 3062 ebrius
611 3002 678 3062 erat
711 3003 743 3063 et
775 3000 857 3080 quod
881 3001 1014 3080 putabat
1046 2999 1152 3063 uidere
1183 3020 1216 3063 sc
1246 3018 1308 3063 non
1374 3006 1394 3060 Β

162 3106 304 3172 uidebat.
330 3111 396 3169 erat
419 3106 450 3168 in
475 3106 529 3169 illo
554 3105 708 3187 profunda
732 3105 867 3169 caecitas
893 3106 946 3188 qui
970 3110 1090 3189 patrem
1114 3106 1221 3171 uidere
1244 3126 1308 3171 non
1330 3135 1358 3173 25

162 3216 297 3295 poterut.
335 3232 405 3276 nam
445 3212 472 3276 si
510 3212 645 3276 uidisset
681 3216 813 3294 patrem,
846 3231 907 3276 uon
940 3213 1051 3294 utique
1083 3213 1222 3289 risisset3
1257 3232 1308 3276 ne-

162 3339 223 3401 que
261 3319 343 3383 enim
380 3318 540 3396 ridendus,
570 3318 625 3381 sed
658 3318 814 3382 uerendus
849 3321 899 3382 est
929 3322 1028 3400 pater.
1066 3319 1167 3382 multo
1201 3321 1310 3382 autem

162 3427 299 3508 amplius
323 3429 461 3490 mentem
486 3425 564 3489 iusti
586 3425 738 3508 insipiens
763 3425 870 3489 uidere
893 3445 953 3489 non
982 3430 1115 3507 poterat.
1148 3424 1308 3507 quomodo

252 3619 264 3670 1
287 3616 342 3672 Cic.
362 3616 395 3670 de
415 3617 458 3670 off.
479 3617 492 3670 1
508 3617 566 3680 129,
582 3615 614 3669 ei.
631 3615 753 3670 Anrbros.
767 3615 800 3668 dc
815 3616 858 3669 off.
873 3616 887 3668 I
903 3617 944 3681 18,
960 3618 994 3670 79
1050 3618 1080 3670 11
1097 3617 1308 3688 Plnlipp.3,14

161 3707 194 3761 13
208 3706 308 3762 Psaim.
324 3706 411 3759 XXXI
428 3708 440 3759 1
482 3707 513 3759 16
530 3705 596 3759 Gen.
611 3706 636 3767 9,
651 3705 779 3759 24P11i10
795 3705 904 3771 Quaest.
920 3706 947 3759 11
963 3708 996 3761 73
1033 3707 1068 3762 20
1082 3707 1183 3761 Psalm.
1197 3707 1275 3762 XXII
1289 3714 1307 3763 5

195 3815 211 3868 3
231 3813 419 3868 tantummodo
438 3814 592 3883 praesentia
610 3813 638 3865 B
703 3815 736 3867 10
754 3817 907 3883 praetereat
925 3812 952 3866 P
970 3816 993 3885 (t
1011 3814 1060 3868 alt.
1079 3832 1100 3868 s.
1120 3820 1158 3881 u.)
1233 3815 1307 3869 inor-

160 3905 247 3955 tatnm
265 3903 338 3972 Pu
356 3919 377 3956 s.
397 3905 410 3965 t
424 3919 469 3970 pr.
489 3906 545 3968 ²112)
621 3904 654 3956 12
672 3904 891 3972 persequutionis
909 3902 936 3955 P
1013 3904 1045 3957 13
1063 3903 1173 3972 bonisq;
1194 3904 1306 3974 bonisq;

160 3991 221 4056 (alt.
241 3990 322 4057 crae.)
341 3990 368 4042 P
417 3990 450 4043 14
468 3994 532 4043 sunt
551 3991 772 4059 peccataDNM
818 3992 849 4044 16
869 3996 912 4045 est
931 3990 1118 4045 ooc.DNCM
1163 3993 1194 4045 17
1209 4008 1308 4045 somno

158 4078 345 4132 intercedente
365 4080 392 4132 B
464 4079 566 4132 sornNo
586 4080 612 4133 P
630 4079 665 4144 (N
685 4080 717 4132 in
736 4081 834 4146 litura)
901 4082 933 4132 19
953 4081 991 4149 et]
1012 4080 1094 4133 ctiam
1113 4079 1150 4133 M
1201 4080 1238 4134 20
1256 4081 1307 4136 ille

159 4167 230 4219 enim
248 4168 276 4220 B
367 4168 398 4219 21
420 4166 509 4220 tuerat
528 4168 555 4220 B
663 4173 767 4237 patrem
787 4168 894 4222 ridebat
912 4169 939 4221 B
1038 4168 1103 4237 quia
1121 4167 1192 4221 enim
1210 4169 1239 4221 P
1257 4172 1308 4239 qni

158 4254 230 4306 enim
249 4259 296 4308 oet.
