<?xml version="1.0" encoding="UTF-8"?>
<!DOCTYPE html PUBLIC "-//W3C//DTD XHTML 1.0 Transitional//EN"
    "http://www.w3.org/TR/xhtml1/DTD/xhtml1-transitional.dtd">
<html xmlns="http://www.w3.org/1999/xhtml" xml:lang="en" lang="en">
 <head>
  <title>
</title>
<meta http-equiv="Content-Type" content="text/html;charset=utf-8" />
  <meta name='ocr-system' content='tesseract 3.04.00' />
  <meta name='ocr-capabilities' content='ocr_page ocr_carea ocr_par ocr_line ocrx_word'/>
</head>
<body>
  <div class='ocr_page' id='page_1' title='image "./sanctiambrosiio02petsgoog_0484.png"; bbox 0 0 2836 4822; ppageno 0'>
   <div class='ocr_carea' id='block_1_1' title="bbox 366 335 1279 406">
    <p class='ocr_par' dir='ltr' id='par_1_1' title="bbox 366 335 1279 406">
     <span class='ocr_line' id='line_1_1' title="bbox 366 335 1279 406; baseline 0.008 -18"><span class='ocrx_word' id='word_1_1' title='bbox 366 335 407 389; x_wconf 89' lang='lat' dir='ltr'>Do</span> <span class='ocrx_word' id='word_1_2' title='bbox 426 335 485 389; x_wconf 88' lang='lat' dir='ltr'>Noe</span> <span class='ocrx_word' id='word_1_3' title='bbox 504 337 546 391; x_wconf 89' lang='grc'><strong>23.</strong></span> <span class='ocrx_word' id='word_1_4' title='bbox 567 337 609 400; x_wconf 84' lang='grc'><strong>24,</strong></span> <span class='ocrx_word' id='word_1_5' title='bbox 629 336 735 392; x_wconf 88' lang='grc'><strong>83-86</strong></span> <span class='ocrx_word' id='word_1_6' title='bbox 773 337 795 406; x_wconf 86' lang='grc' dir='ltr'>(Ι</span> <span class='ocrx_word' id='word_1_7' title='bbox 815 337 867 390; x_wconf 92' lang='grc'>262</span> <span class='ocrx_word' id='word_1_8' title='bbox 887 335 996 391; x_wconf 77' lang='grc'><strong>0-263</strong></span> <span class='ocrx_word' id='word_1_9' title='bbox 1015 337 1061 404; x_wconf 92' lang='lat' dir='ltr'>D).</span> <span class='ocrx_word' id='word_1_10' title='bbox 1215 338 1279 402; x_wconf 79' lang='grc'>473</span> 
     </span>
    </p>
   </div>
   <div class='ocr_carea' id='block_1_2' title="bbox 11 531 1381 3299">
    <p class='ocr_par' dir='ltr' id='par_1_2' title="bbox 11 531 1381 3299">
     <span class='ocr_line' id='line_1_2' title="bbox 135 531 1282 613; baseline 0 -19"><span class='ocrx_word' id='word_1_11' title='bbox 135 535 173 594; x_wconf 89' lang='lat' dir='ltr'>ut</span> <span class='ocrx_word' id='word_1_12' title='bbox 199 532 230 595; x_wconf 89' lang='lat' dir='ltr'>in</span> <span class='ocrx_word' id='word_1_13' title='bbox 264 532 408 613; x_wconf 86' lang='lat' dir='ltr'>partibus</span> <span class='ocrx_word' id='word_1_14' title='bbox 442 531 625 595; x_wconf 85' lang='lat' dir='ltr'>occidentis.</span> <span class='ocrx_word' id='word_1_15' title='bbox 660 532 721 596; x_wconf 92' lang='lat' dir='ltr'>alio</span> <span class='ocrx_word' id='word_1_16' title='bbox 755 535 895 613; x_wconf 88' lang='lat' dir='ltr'>tempore</span> <span class='ocrx_word' id='word_1_17' title='bbox 928 536 1078 596; x_wconf 87' lang='lat' dir='ltr'>terrarum</span> <span class='ocrx_word' id='word_1_18' title='bbox 1113 531 1282 595; x_wconf 88' lang='lat' dir='ltr'>seminaria</span> 
     </span>
     <span class='ocr_line' id='line_1_3' title="bbox 135 638 1281 721; baseline -0.001 -18"><span class='ocrx_word' id='word_1_19' title='bbox 135 642 244 720; x_wconf 87' lang='lat' dir='ltr'>partus</span> <span class='ocrx_word' id='word_1_20' title='bbox 269 658 345 703; x_wconf 73' lang='lat' dir='ltr'>siros</span> <span class='ocrx_word' id='word_1_21' title='bbox 371 638 478 714; x_wconf 77' lang='lat' dir='ltr'>edunt,</span> <span class='ocrx_word' id='word_1_22' title='bbox 504 638 564 701; x_wconf 88' lang='lat' dir='ltr'>alio</span> <span class='ocrx_word' id='word_1_23' title='bbox 590 641 696 701; x_wconf 88' lang='lat' dir='ltr'>autem</span> <span class='ocrx_word' id='word_1_24' title='bbox 721 643 862 721; x_wconf 85' lang='lat' dir='ltr'>tempore</span> <span class='ocrx_word' id='word_1_25' title='bbox 889 639 1012 703; x_wconf 86' lang='lat' dir='ltr'>fructus</span> <span class='ocrx_word' id='word_1_26' title='bbox 1041 640 1187 703; x_wconf 87' lang='lat' dir='ltr'>arborum</span> <span class='ocrx_word' id='word_1_27' title='bbox 1217 659 1281 703; x_wconf 89' lang='lat' dir='ltr'>car·-</span> 
     </span>
     <span class='ocr_line' id='line_1_4' title="bbox 135 744 1381 828; baseline -0.002 -20"><span class='ocrx_word' id='word_1_28' title='bbox 135 745 251 827; x_wconf 85' lang='lat' dir='ltr'>pimus.</span> <span class='ocrx_word' id='word_1_29' title='bbox 290 744 412 808; x_wconf 89' lang='lat' dir='ltr'>diuidui</span> <span class='ocrx_word' id='word_1_30' title='bbox 450 764 523 827; x_wconf 88' lang='lat' dir='ltr'>ergo</span> <span class='ocrx_word' id='word_1_31' title='bbox 560 744 682 808; x_wconf 86' lang='lat' dir='ltr'>fructus</span> <span class='ocrx_word' id='word_1_32' title='bbox 722 749 796 809; x_wconf 89' lang='lat' dir='ltr'>sunt</span> <span class='ocrx_word' id='word_1_33' title='bbox 826 746 996 810; x_wconf 85' lang='lat' dir='ltr'>necessarii</span> <span class='ocrx_word' id='word_1_34' title='bbox 1029 751 1062 809; x_wconf 90' lang='lat' dir='ltr'>et</span> <span class='ocrx_word' id='word_1_35' title='bbox 1093 746 1381 828; x_wconf 76' lang='lat' dir='ltr'>uoluptarii:263a</span> 
     </span>
     <span class='ocr_line' id='line_1_5' title="bbox 137 851 1282 926; baseline 0.003 -13"><span class='ocrx_word' id='word_1_36' title='bbox 137 852 305 915; x_wconf 87' lang='lat' dir='ltr'>necessarii</span> <span class='ocrx_word' id='word_1_37' title='bbox 325 871 360 914; x_wconf 81' lang='lat' dir='ltr'>ex</span> <span class='ocrx_word' id='word_1_38' title='bbox 380 851 555 915; x_wconf 89' lang='lat' dir='ltr'>seminibus</span> <span class='ocrx_word' id='word_1_39' title='bbox 575 855 739 926; x_wconf 79' lang='lat' dir='ltr'>terrarum,</span> <span class='ocrx_word' id='word_1_40' title='bbox 760 855 792 916; x_wconf 90' lang='lat' dir='ltr'>at</span> <span class='ocrx_word' id='word_1_41' title='bbox 811 871 885 916; x_wconf 91' lang='lat' dir='ltr'>uero</span> <span class='ocrx_word' id='word_1_42' title='bbox 905 872 940 916; x_wconf 82' lang='lat' dir='ltr'>er</span> <span class='ocrx_word' id='word_1_43' title='bbox 960 852 1105 916; x_wconf 88' lang='lat' dir='ltr'>arborum</span> <span class='ocrx_word' id='word_1_44' title='bbox 1127 853 1282 916; x_wconf 83' lang='lat' dir='ltr'>fruct-ibus</span> 
     </span>
     <span class='ocr_line' id='line_1_6' title="bbox 105 956 1283 1044; baseline 0.003 -26"><span class='ocrx_word' id='word_1_45' title='bbox 105 958 319 1039; x_wconf 82' lang='lat' dir='ltr'>suoluptarii.</span> <span class='ocrx_word' id='word_1_46' title='bbox 340 957 448 1040; x_wconf 87' lang='lat' dir='ltr'>itaque</span> <span class='ocrx_word' id='word_1_47' title='bbox 467 976 580 1040; x_wconf 87' lang='lat' dir='ltr'>corpus</span> <span class='ocrx_word' id='word_1_48' title='bbox 605 961 749 1022; x_wconf 88' lang='lat' dir='ltr'>nostrum</span> <span class='ocrx_word' id='word_1_49' title='bbox 771 964 933 1041; x_wconf 85' lang='lat' dir='ltr'>tamqnam</span> <span class='ocrx_word' id='word_1_50' title='bbox 958 979 1041 1035; x_wconf 81' lang='lat' dir='ltr'>nore,</span> <span class='ocrx_word' id='word_1_51' title='bbox 1061 959 1120 1023; x_wconf 91' lang='lat' dir='ltr'>hoc</span> <span class='ocrx_word' id='word_1_52' title='bbox 1141 962 1190 1023; x_wconf 86' lang='lat' dir='ltr'>est</span> <span class='ocrx_word' id='word_1_53' title='bbox 1208 956 1283 1044; x_wconf 73' lang='grc' dir='ltr'><strong>ἔαρι,</strong></span> 
     </span>
     <span class='ocr_line' id='line_1_7' title="bbox 138 1062 1283 1148; baseline 0.002 -19"><span class='ocrx_word' id='word_1_54' title='bbox 138 1065 208 1129; x_wconf 88' lang='lat' dir='ltr'>cibo</span> <span class='ocrx_word' id='word_1_55' title='bbox 233 1065 374 1148; x_wconf 85' lang='lat' dir='ltr'>pascitur</span> <span class='ocrx_word' id='word_1_56' title='bbox 398 1062 540 1128; x_wconf 87' lang='lat' dir='ltr'>naturali.</span> <span class='ocrx_word' id='word_1_57' title='bbox 575 1062 628 1146; x_wconf 78' lang='grc' dir='ltr'>ἔαρ</span> <span class='ocrx_word' id='word_1_58' title='bbox 657 1069 763 1130; x_wconf 92' lang='lat' dir='ltr'>autem</span> <span class='ocrx_word' id='word_1_59' title='bbox 789 1065 908 1131; x_wconf 84' lang='lat' dir='ltr'>Gracco</span> <span class='ocrx_word' id='word_1_60' title='bbox 933 1067 1069 1141; x_wconf 83' lang='lat' dir='ltr'>nomine,</span> <span class='ocrx_word' id='word_1_61' title='bbox 1094 1086 1150 1130; x_wconf 91' lang='lat' dir='ltr'>uer</span> <span class='ocrx_word' id='word_1_62' title='bbox 1172 1067 1283 1131; x_wconf 88' lang='lat' dir='ltr'>Latino</span> 
     </span>
     <span class='ocr_line' id='line_1_8' title="bbox 138 1170 1283 1256; baseline 0.002 -22"><span class='ocrx_word' id='word_1_63' title='bbox 138 1170 264 1238; x_wconf 88' lang='lat' dir='ltr'>dicitur.</span> <span class='ocrx_word' id='word_1_64' title='bbox 288 1171 359 1236; x_wconf 90' lang='lat' dir='ltr'>ideo</span> <span class='ocrx_word' id='word_1_65' title='bbox 384 1172 540 1253; x_wconf 85' lang='lat' dir='ltr'>scriptura</span> <span class='ocrx_word' id='word_1_66' title='bbox 564 1171 602 1234; x_wconf 90' lang='lat' dir='ltr'>de</span> <span class='ocrx_word' id='word_1_67' title='bbox 621 1173 764 1253; x_wconf 90' lang='lat' dir='ltr'>partibus</span> <span class='ocrx_word' id='word_1_68' title='bbox 785 1174 914 1237; x_wconf 89' lang='lat' dir='ltr'>orientis</span> <span class='ocrx_word' id='word_1_69' title='bbox 934 1177 966 1237; x_wconf 87' lang='lat' dir='ltr'>et</span> <span class='ocrx_word' id='word_1_70' title='bbox 985 1173 1117 1237; x_wconf 84' lang='lat' dir='ltr'>maxime</span> <span class='ocrx_word' id='word_1_71' title='bbox 1136 1172 1283 1256; x_wconf 77' lang='lat' dir='ltr'>Aegypti,</span> 
     </span>
     <span class='ocr_line' id='line_1_9' title="bbox 138 1277 1285 1362; baseline 0 -19"><span class='ocrx_word' id='word_1_72' title='bbox 138 1297 301 1361; x_wconf 81' lang='lat' dir='ltr'>perquam</span> <span class='ocrx_word' id='word_1_73' title='bbox 318 1278 467 1341; x_wconf 88' lang='lat' dir='ltr'>trausiuit</span> <span class='ocrx_word' id='word_1_74' title='bbox 478 1277 651 1354; x_wconf 74' lang='lat' dir='ltr'>Hebraeus,</span> <span class='ocrx_word' id='word_1_75' title='bbox 667 1278 720 1342; x_wconf 92' lang='lat' dir='ltr'>uel</span> <span class='ocrx_word' id='word_1_76' title='bbox 734 1299 770 1343; x_wconf 83' lang='lat' dir='ltr'>ex</span> <span class='ocrx_word' id='word_1_77' title='bbox 784 1279 927 1362; x_wconf 81' lang='lat' dir='ltr'>partibus</span> <span class='ocrx_word' id='word_1_78' title='bbox 942 1280 1131 1344; x_wconf 80' lang='lat' dir='ltr'>Phoenicius</span> <span class='ocrx_word' id='word_1_79' title='bbox 1147 1280 1285 1361; x_wconf 82' lang='lat' dir='ltr'>sumpsit</span> 
     </span>
     <span class='ocr_line' id='line_1_10' title="bbox 139 1385 1285 1471; baseline 0.001 -22"><span class='ocrx_word' id='word_1_80' title='bbox 139 1385 327 1468; x_wconf 82' lang='lat' dir='ltr'>exemplum.</span> <span class='ocrx_word' id='word_1_81' title='bbox 352 1385 455 1448; x_wconf 87' lang='lat' dir='ltr'>anima</span> <span class='ocrx_word' id='word_1_82' title='bbox 478 1388 583 1448; x_wconf 88' lang='lat' dir='ltr'>autem</span> <span class='ocrx_word' id='word_1_83' title='bbox 607 1386 808 1467; x_wconf 80' lang='lat' dir='ltr'>uoluntariis,</span> <span class='ocrx_word' id='word_1_84' title='bbox 828 1386 886 1451; x_wconf 91' lang='lat' dir='ltr'>hoc</span> <span class='ocrx_word' id='word_1_85' title='bbox 907 1398 957 1450; x_wconf 85' lang='lat' dir='ltr'>est</span> <span class='ocrx_word' id='word_1_86' title='bbox 980 1388 1152 1471; x_wconf 76' lang='lat' dir='ltr'>sapientiae</span> <span class='ocrx_word' id='word_1_87' title='bbox 1176 1387 1285 1451; x_wconf 85' lang='lat' dir='ltr'>fructi-</span> 
     </span>
     <span class='ocr_line' id='line_1_11' title="bbox 97 1491 1335 1577; baseline 0.003 -23"><span class='ocrx_word' id='word_1_88' title='bbox 97 1516 122 1554; x_wconf 82' lang='lat' dir='ltr'>ro</span> <span class='ocrx_word' id='word_1_89' title='bbox 140 1492 200 1556; x_wconf 87' lang='lat' dir='ltr'>bus</span> <span class='ocrx_word' id='word_1_90' title='bbox 233 1491 339 1556; x_wconf 85' lang='lat' dir='ltr'>alitur.</span> <span class='ocrx_word' id='word_1_91' title='bbox 374 1493 424 1556; x_wconf 91' lang='lat' dir='ltr'>cni</span> <span class='ocrx_word' id='word_1_92' title='bbox 457 1492 583 1567; x_wconf 75' lang='lat' dir='ltr'>itanum,</span> <span class='ocrx_word' id='word_1_93' title='bbox 612 1495 648 1555; x_wconf 93' lang='lat' dir='ltr'>nt</span> <span class='ocrx_word' id='word_1_94' title='bbox 677 1494 797 1574; x_wconf 80' lang='lat' dir='ltr'>corpori</span> <span class='ocrx_word' id='word_1_95' title='bbox 827 1498 935 1558; x_wconf 85' lang='lat' dir='ltr'>nostro</span> <span class='ocrx_word' id='word_1_96' title='bbox 964 1496 1155 1559; x_wconf 88' lang='lat' dir='ltr'>contrarium</span> <span class='ocrx_word' id='word_1_97' title='bbox 1183 1495 1284 1577; x_wconf 84' lang='lat' dir='ltr'>frigus</span> <span class='ocrx_word' id='word_1_98' title='bbox 1314 1499 1335 1551; x_wconf 88' lang='lat' dir='ltr'><strong>B</strong></span> 
     </span>
     <span class='ocr_line' id='line_1_12' title="bbox 141 1598 1287 1683; baseline 0.003 -22"><span class='ocrx_word' id='word_1_99' title='bbox 141 1601 172 1661; x_wconf 87' lang='lat' dir='ltr'>ot</span> <span class='ocrx_word' id='word_1_100' title='bbox 195 1602 314 1675; x_wconf 75' lang='lat' dir='ltr'>aestus,</span> <span class='ocrx_word' id='word_1_101' title='bbox 338 1598 383 1662; x_wconf 86' lang='lat' dir='ltr'>ita</span> <span class='ocrx_word' id='word_1_102' title='bbox 406 1599 502 1663; x_wconf 89' lang='lat' dir='ltr'>timor</span> <span class='ocrx_word' id='word_1_103' title='bbox 531 1603 564 1661; x_wconf 89' lang='lat' dir='ltr'>et</span> <span class='ocrx_word' id='word_1_104' title='bbox 590 1600 751 1664; x_wconf 76' lang='lat' dir='ltr'>iracundia</span> <span class='ocrx_word' id='word_1_105' title='bbox 778 1601 925 1664; x_wconf 89' lang='lat' dir='ltr'>uidentur</span> <span class='ocrx_word' id='word_1_106' title='bbox 953 1601 1096 1665; x_wconf 85' lang='lat' dir='ltr'>aduersa.</span> <span class='ocrx_word' id='word_1_107' title='bbox 1129 1602 1184 1665; x_wconf 87' lang='lat' dir='ltr'>sed</span> <span class='ocrx_word' id='word_1_108' title='bbox 1213 1603 1287 1683; x_wconf 86' lang='lat' dir='ltr'>quia</span> 
     </span>
     <span class='ocr_line' id='line_1_13' title="bbox 142 1706 1287 1794; baseline 0.006 -27"><span class='ocrx_word' id='word_1_109' title='bbox 142 1706 171 1768; x_wconf 93' lang='lat' dir='ltr'>iu</span> <span class='ocrx_word' id='word_1_110' title='bbox 197 1724 325 1789; x_wconf 81' lang='lat' dir='ltr'>corporo</span> <span class='ocrx_word' id='word_1_111' title='bbox 348 1709 408 1794; x_wconf 73' lang='lat' dir='ltr'>pst,</span> <span class='ocrx_word' id='word_1_112' title='bbox 433 1727 561 1772; x_wconf 86' lang='lat' dir='ltr'>necesse</span> <span class='ocrx_word' id='word_1_113' title='bbox 586 1713 635 1771; x_wconf 85' lang='lat' dir='ltr'>est</span> <span class='ocrx_word' id='word_1_114' title='bbox 659 1712 691 1771; x_wconf 91' lang='lat' dir='ltr'>et</span> <span class='ocrx_word' id='word_1_115' title='bbox 714 1708 907 1772; x_wconf 84' lang='lat' dir='ltr'>iracundiam</span> <span class='ocrx_word' id='word_1_116' title='bbox 932 1709 1047 1773; x_wconf 88' lang='lat' dir='ltr'>habeat</span> <span class='ocrx_word' id='word_1_117' title='bbox 1070 1713 1101 1772; x_wconf 88' lang='lat' dir='ltr'>ct</span> <span class='ocrx_word' id='word_1_118' title='bbox 1130 1710 1287 1774; x_wconf 87' lang='lat' dir='ltr'>timorem.</span> 
     </span>
     <span class='ocr_line' id='line_1_14' title="bbox 142 1813 1289 1896; baseline 0.002 -21"><span class='ocrx_word' id='word_1_119' title='bbox 142 1831 199 1876; x_wconf 90' lang='lat' dir='ltr'>nec</span> <span class='ocrx_word' id='word_1_120' title='bbox 227 1815 336 1894; x_wconf 86' lang='lat' dir='ltr'>potest</span> <span class='ocrx_word' id='word_1_121' title='bbox 368 1813 435 1878; x_wconf 86' lang='lat' dir='ltr'>sine</span> <span class='ocrx_word' id='word_1_122' title='bbox 468 1815 526 1879; x_wconf 88' lang='lat' dir='ltr'>hac</span> <span class='ocrx_word' id='word_1_123' title='bbox 559 1834 629 1879; x_wconf 84' lang='lat' dir='ltr'>esse</span> <span class='ocrx_word' id='word_1_124' title='bbox 662 1834 828 1896; x_wconf 84' lang='lat' dir='ltr'>corporeae</span> <span class='ocrx_word' id='word_1_125' title='bbox 861 1815 1050 1879; x_wconf 80' lang='lat' dir='ltr'>necessitate</span> <span class='ocrx_word' id='word_1_126' title='bbox 1083 1820 1222 1880; x_wconf 88' lang='lat' dir='ltr'>naturae.</span> <span class='ocrx_word' id='word_1_127' title='bbox 1256 1821 1289 1878; x_wconf 85' lang='lat' dir='ltr'>et</span> 
     </span>
     <span class='ocr_line' id='line_1_15' title="bbox 143 1920 1289 2005; baseline 0.003 -22"><span class='ocrx_word' id='word_1_128' title='bbox 143 1920 213 1985; x_wconf 90' lang='lat' dir='ltr'>ideo</span> <span class='ocrx_word' id='word_1_129' title='bbox 238 1940 326 1985; x_wconf 89' lang='lat' dir='ltr'>mens</span> <span class='ocrx_word' id='word_1_130' title='bbox 352 1922 505 2003; x_wconf 86' lang='lat' dir='ltr'>sapientis</span> <span class='ocrx_word' id='word_1_131' title='bbox 531 1922 745 1986; x_wconf 85' lang='lat' dir='ltr'>moderamina</span> <span class='ocrx_word' id='word_1_132' title='bbox 769 1923 852 1986; x_wconf 86' lang='lat' dir='ltr'>iusta</span> <span class='ocrx_word' id='word_1_133' title='bbox 883 1923 1055 2005; x_wconf 82' lang='lat' dir='ltr'>dispensat,</span> <span class='ocrx_word' id='word_1_134' title='bbox 1084 1943 1121 1987; x_wconf 89' lang='lat' dir='ltr'>ne</span> <span class='ocrx_word' id='word_1_135' title='bbox 1150 1923 1228 1987; x_wconf 88' lang='lat' dir='ltr'>iram</span> <span class='ocrx_word' id='word_1_136' title='bbox 1258 1926 1289 1987; x_wconf 88' lang='lat' dir='ltr'>et</span> 
     </span>
     <span class='ocr_line' id='line_1_16' title="bbox 25 2027 1289 2111; baseline -0.001 -18"><span class='ocrx_word' id='word_1_137' title='bbox 25 2033 71 2096; x_wconf 82' lang='lat'>85</span> <span class='ocrx_word' id='word_1_138' title='bbox 99 2047 125 2088; x_wconf 78' lang='lat' dir='ltr'>rs</span> <span class='ocrx_word' id='word_1_139' title='bbox 144 2027 290 2091; x_wconf 87' lang='lat' dir='ltr'>timorem</span> <span class='ocrx_word' id='word_1_140' title='bbox 328 2029 516 2110; x_wconf 86' lang='lat' dir='ltr'>permisceat</span> <span class='ocrx_word' id='word_1_141' title='bbox 549 2035 581 2093; x_wconf 88' lang='lat' dir='ltr'>et</span> <span class='ocrx_word' id='word_1_142' title='bbox 613 2030 667 2092; x_wconf 89' lang='lat' dir='ltr'>fiat</span> <span class='ocrx_word' id='word_1_143' title='bbox 700 2031 843 2094; x_wconf 88' lang='lat' dir='ltr'>conlusio</span> <span class='ocrx_word' id='word_1_144' title='bbox 878 2029 1031 2111; x_wconf 85' lang='lat' dir='ltr'>quaedam</span> <span class='ocrx_word' id='word_1_145' title='bbox 1065 2030 1168 2095; x_wconf 87' lang='lat' dir='ltr'>animo</span> <span class='ocrx_word' id='word_1_146' title='bbox 1200 2030 1289 2093; x_wconf 89' lang='lat' dir='ltr'>illius</span> 
     </span>
     <span class='ocr_line' id='line_1_17' title="bbox 144 2134 1287 2219; baseline 0 -21"><span class='ocrx_word' id='word_1_147' title='bbox 144 2137 238 2216; x_wconf 87' lang='lat' dir='ltr'>atque</span> <span class='ocrx_word' id='word_1_148' title='bbox 272 2134 440 2200; x_wconf 90' lang='lat' dir='ltr'>diluuium.</span> <span class='ocrx_word' id='word_1_149' title='bbox 474 2135 537 2199; x_wconf 89' lang='lat' dir='ltr'>die</span> <span class='ocrx_word' id='word_1_150' title='bbox 566 2155 691 2219; x_wconf 80' lang='lat' dir='ltr'>unoque</span> <span class='ocrx_word' id='word_1_151' title='bbox 720 2141 758 2200; x_wconf 87' lang='lat' dir='ltr'>et</span> <span class='ocrx_word' id='word_1_152' title='bbox 787 2141 904 2201; x_wconf 88' lang='lat' dir='ltr'>nocte</span> <span class='ocrx_word' id='word_1_153' title='bbox 933 2136 1016 2219; x_wconf 90' lang='lat' dir='ltr'>quod</span> <span class='ocrx_word' id='word_1_154' title='bbox 1045 2136 1099 2212; x_wconf 88' lang='lat' dir='ltr'>ait,</span> <span class='ocrx_word' id='word_1_155' title='bbox 1126 2155 1183 2218; x_wconf 87' lang='lat' dir='ltr'>per·</span> <span class='ocrx_word' id='word_1_156' title='bbox 1207 2136 1287 2199; x_wconf 87' lang='lat' dir='ltr'>diem</span> 
     </span>
     <span class='ocr_line' id='line_1_18' title="bbox 144 2241 1339 2328; baseline -0.003 -23"><span class='ocrx_word' id='word_1_157' title='bbox 144 2242 303 2326; x_wconf 86' lang='lat' dir='ltr'>intellegis</span> <span class='ocrx_word' id='word_1_158' title='bbox 322 2241 564 2307; x_wconf 84' lang='lat' dir='ltr'>inluminantcm</span> <span class='ocrx_word' id='word_1_159' title='bbox 585 2244 747 2309; x_wconf 85' lang='lat' dir='ltr'>uirtutem.</span> <span class='ocrx_word' id='word_1_160' title='bbox 768 2249 965 2326; x_wconf 85' lang='lat' dir='ltr'>pernoctem</span> <span class='ocrx_word' id='word_1_161' title='bbox 986 2243 1186 2328; x_wconf 85' lang='lat' dir='ltr'>recognoscis</span> <span class='ocrx_word' id='word_1_162' title='bbox 1205 2247 1290 2306; x_wconf 87' lang='lat' dir='ltr'>teno-</span> <span class='ocrx_word' id='word_1_163' title='bbox 1317 2244 1339 2300; x_wconf 84' lang='lat' dir='ltr'>C</span> 
     </span>
     <span class='ocr_line' id='line_1_19' title="bbox 144 2349 1290 2434; baseline -0.001 -21"><span class='ocrx_word' id='word_1_164' title='bbox 144 2351 270 2415; x_wconf 87' lang='lat' dir='ltr'>brosam</span> <span class='ocrx_word' id='word_1_165' title='bbox 293 2349 518 2431; x_wconf 86' lang='lat' dir='ltr'>insipientiam.</span> <span class='ocrx_word' id='word_1_166' title='bbox 551 2351 658 2433; x_wconf 86' lang='lat' dir='ltr'>itaque</span> <span class='ocrx_word' id='word_1_167' title='bbox 687 2351 771 2415; x_wconf 89' lang='lat' dir='ltr'>etin</span> <span class='ocrx_word' id='word_1_168' title='bbox 797 2350 908 2415; x_wconf 87' lang='lat' dir='ltr'>timore</span> <span class='ocrx_word' id='word_1_169' title='bbox 932 2356 1092 2434; x_wconf 84' lang='lat' dir='ltr'>tamquam</span> <span class='ocrx_word' id='word_1_170' title='bbox 1119 2349 1148 2414; x_wconf 94' lang='lat' dir='ltr'>in</span> <span class='ocrx_word' id='word_1_171' title='bbox 1174 2350 1290 2433; x_wconf 78' lang='lat' dir='ltr'>frigore</span> 
     </span>
     <span class='ocr_line' id='line_1_20' title="bbox 145 2457 1292 2538; baseline -0.001 -18"><span class='ocrx_word' id='word_1_172' title='bbox 145 2461 252 2538; x_wconf 87' lang='lat' dir='ltr'>potest</span> <span class='ocrx_word' id='word_1_173' title='bbox 275 2474 345 2520; x_wconf 87' lang='lat' dir='ltr'>esse</span> <span class='ocrx_word' id='word_1_174' title='bbox 373 2457 563 2521; x_wconf 85' lang='lat' dir='ltr'>inluminans</span> <span class='ocrx_word' id='word_1_175' title='bbox 593 2459 707 2522; x_wconf 86' lang='lat' dir='ltr'>uirtns.</span> <span class='ocrx_word' id='word_1_176' title='bbox 741 2458 890 2522; x_wconf 88' lang='lat' dir='ltr'>similiter</span> <span class='ocrx_word' id='word_1_177' title='bbox 913 2462 945 2520; x_wconf 88' lang='lat' dir='ltr'>et</span> <span class='ocrx_word' id='word_1_178' title='bbox 968 2457 1159 2522; x_wconf 88' lang='lat' dir='ltr'>iracundiam</span> <span class='ocrx_word' id='word_1_179' title='bbox 1184 2461 1292 2538; x_wconf 85' lang='lat' dir='ltr'>potest</span> 
     </span>
     <span class='ocr_line' id='line_1_21' title="bbox 100 2563 1292 2647; baseline 0.002 -24"><span class='ocrx_word' id='word_1_180' title='bbox 100 2582 128 2622; x_wconf 78' lang='lat' dir='ltr'>ao</span> <span class='ocrx_word' id='word_1_181' title='bbox 145 2563 314 2644; x_wconf 84' lang='lat' dir='ltr'>reprimere</span> <span class='ocrx_word' id='word_1_182' title='bbox 328 2564 546 2645; x_wconf 83' lang='lat' dir='ltr'>temperant-ia.</span> <span class='ocrx_word' id='word_1_183' title='bbox 562 2567 599 2627; x_wconf 84' lang='lat' dir='ltr'>ut</span> <span class='ocrx_word' id='word_1_184' title='bbox 613 2564 642 2627; x_wconf 93' lang='lat' dir='ltr'>in</span> <span class='ocrx_word' id='word_1_185' title='bbox 658 2565 770 2629; x_wconf 85' lang='lat' dir='ltr'>timore</span> <span class='ocrx_word' id='word_1_186' title='bbox 785 2565 882 2647; x_wconf 89' lang='lat' dir='ltr'>aliqui</span> <span class='ocrx_word' id='word_1_187' title='bbox 898 2585 956 2629; x_wconf 94' lang='lat' dir='ltr'>non</span> <span class='ocrx_word' id='word_1_188' title='bbox 973 2567 1098 2646; x_wconf 89' lang='lat' dir='ltr'>penitus</span> <span class='ocrx_word' id='word_1_189' title='bbox 1114 2564 1292 2627; x_wconf 88' lang='lat' dir='ltr'>resoluatur</span> 
     </span>
     <span class='ocr_line' id='line_1_22' title="bbox 146 2670 1290 2755; baseline 0 -23"><span class='ocrx_word' id='word_1_190' title='bbox 146 2672 178 2732; x_wconf 86' lang='lat' dir='ltr'>et</span> <span class='ocrx_word' id='word_1_191' title='bbox 204 2670 307 2753; x_wconf 86' lang='lat' dir='ltr'>magis</span> <span class='ocrx_word' id='word_1_192' title='bbox 336 2670 450 2734; x_wconf 83' lang='lat' dir='ltr'>timore</span> <span class='ocrx_word' id='word_1_193' title='bbox 479 2670 634 2753; x_wconf 83' lang='lat' dir='ltr'>dirigatur</span> <span class='ocrx_word' id='word_1_194' title='bbox 662 2671 700 2735; x_wconf 89' lang='lat' dir='ltr'>ad</span> <span class='ocrx_word' id='word_1_195' title='bbox 729 2690 823 2754; x_wconf 88' lang='lat' dir='ltr'>opera</span> <span class='ocrx_word' id='word_1_196' title='bbox 851 2672 992 2747; x_wconf 75' lang='lat' dir='ltr'>uirtutis,</span> <span class='ocrx_word' id='word_1_197' title='bbox 1021 2672 1110 2736; x_wconf 88' lang='lat' dir='ltr'>uerbi</span> <span class='ocrx_word' id='word_1_198' title='bbox 1139 2671 1241 2755; x_wconf 85' lang='lat' dir='ltr'>gratia</span> <span class='ocrx_word' id='word_1_199' title='bbox 1264 2670 1290 2733; x_wconf 86' lang='lat' dir='ltr'>si</span> 
     </span>
     <span class='ocr_line' id='line_1_23' title="bbox 145 2774 1291 2862; baseline 0 -23"><span class='ocrx_word' id='word_1_200' title='bbox 145 2780 330 2857; x_wconf 87' lang='lat' dir='ltr'>persecutor</span> <span class='ocrx_word' id='word_1_201' title='bbox 352 2776 489 2852; x_wconf 86' lang='lat' dir='ltr'>insistat,</span> <span class='ocrx_word' id='word_1_202' title='bbox 518 2781 554 2840; x_wconf 88' lang='lat' dir='ltr'>ut</span> <span class='ocrx_word' id='word_1_203' title='bbox 582 2780 654 2859; x_wconf 88' lang='lat' dir='ltr'>plus</span> <span class='ocrx_word' id='word_1_204' title='bbox 684 2778 778 2842; x_wconf 88' lang='lat' dir='ltr'>deum</span> <span class='ocrx_word' id='word_1_205' title='bbox 807 2774 921 2843; x_wconf 85' lang='lat' dir='ltr'>timeas</span> <span class='ocrx_word' id='word_1_206' title='bbox 951 2784 983 2843; x_wconf 90' lang='lat' dir='ltr'>et</span> <span class='ocrx_word' id='word_1_207' title='bbox 1010 2782 1161 2862; x_wconf 86' lang='lat' dir='ltr'>perpetua</span> <span class='ocrx_word' id='word_1_208' title='bbox 1189 2777 1291 2861; x_wconf 82' lang='lat' dir='ltr'>magis</span> 
     </span>
     <span class='ocr_line' id='line_1_24' title="bbox 147 2882 1290 2968; baseline 0.001 -22"><span class='ocrx_word' id='word_1_209' title='bbox 147 2882 304 2965; x_wconf 89' lang='lat' dir='ltr'>supplicia</span> <span class='ocrx_word' id='word_1_210' title='bbox 341 2904 434 2965; x_wconf 85' lang='lat' dir='ltr'>quam</span> <span class='ocrx_word' id='word_1_211' title='bbox 471 2885 650 2966; x_wconf 88' lang='lat' dir='ltr'>praesentia</span> <span class='ocrx_word' id='word_1_212' title='bbox 684 2888 778 2967; x_wconf 87' lang='lat' dir='ltr'>pules</span> <span class='ocrx_word' id='word_1_213' title='bbox 818 2903 887 2949; x_wconf 86' lang='lat' dir='ltr'>esse</span> <span class='ocrx_word' id='word_1_214' title='bbox 925 2885 1065 2960; x_wconf 82' lang='lat' dir='ltr'>uitanda,</span> <span class='ocrx_word' id='word_1_215' title='bbox 1103 2905 1182 2968; x_wconf 85' lang='lat' dir='ltr'>qrrae</span> <span class='ocrx_word' id='word_1_216' title='bbox 1216 2884 1290 2948; x_wconf 90' lang='lat' dir='ltr'>dum</span> 
     </span>
     <span class='ocr_line' id='line_1_25' title="bbox 147 2990 1291 3074; baseline 0.003 -22"><span class='ocrx_word' id='word_1_217' title='bbox 147 2990 250 3064; x_wconf 82' lang='lat' dir='ltr'>times,</span> <span class='ocrx_word' id='word_1_218' title='bbox 275 2991 454 3055; x_wconf 83' lang='lat' dir='ltr'>accendaris</span> <span class='ocrx_word' id='word_1_219' title='bbox 480 2991 518 3055; x_wconf 89' lang='lat' dir='ltr'>nd</span> <span class='ocrx_word' id='word_1_220' title='bbox 543 2992 674 3071; x_wconf 73' lang='lat' dir='ltr'>gloriam</span> <span class='ocrx_word' id='word_1_221' title='bbox 698 2991 846 3074; x_wconf 86' lang='lat' dir='ltr'>perfidiae</span> <span class='ocrx_word' id='word_1_222' title='bbox 870 2993 969 3056; x_wconf 88' lang='lat' dir='ltr'>iratus</span> <span class='ocrx_word' id='word_1_223' title='bbox 990 2996 1022 3055; x_wconf 90' lang='lat' dir='ltr'>et</span> <span class='ocrx_word' id='word_1_224' title='bbox 1041 2993 1162 3068; x_wconf 78' lang='lat' dir='ltr'>sceleri,</span> <span class='ocrx_word' id='word_1_225' title='bbox 1181 3010 1291 3055; x_wconf 86' lang='lat' dir='ltr'>rursus</span> 
     </span>
     <span class='ocr_line' id='line_1_26' title="bbox 101 3097 1247 3163; baseline 0.008 -10"><span class='ocrx_word' id='word_1_226' title='bbox 101 3115 128 3154; x_wconf 74' lang='lat' dir='ltr'>aa</span> <span class='ocrx_word' id='word_1_227' title='bbox 146 3097 309 3162; x_wconf 88' lang='lat' dir='ltr'>iracundia</span> <span class='ocrx_word' id='word_1_228' title='bbox 332 3117 505 3161; x_wconf 81' lang='lat' dir='ltr'>succensus</span> <span class='ocrx_word' id='word_1_229' title='bbox 530 3099 637 3162; x_wconf 91' lang='lat' dir='ltr'>diuiuo</span> <span class='ocrx_word' id='word_1_230' title='bbox 663 3100 904 3163; x_wconf 87' lang='lat' dir='ltr'>commotionem</span> <span class='ocrx_word' id='word_1_231' title='bbox 929 3100 1041 3163; x_wconf 87' lang='lat' dir='ltr'>timore</span> <span class='ocrx_word' id='word_1_232' title='bbox 1064 3098 1247 3163; x_wconf 77' lang='lat' dir='ltr'>modereris,</span> 
     </span>
     <span class='ocr_line' id='line_1_27' title="bbox 11 3204 1345 3299; baseline 0 -32"><span class='ocrx_word' id='word_1_233' title='bbox 11 3215 99 3299; x_wconf 68' lang='lat'>4‚86</span> <span class='ocrx_word' id='word_1_234' title='bbox 192 3204 240 3267; x_wconf 84' lang='lat' dir='ltr'>Et</span> <span class='ocrx_word' id='word_1_235' title='bbox 262 3205 475 3268; x_wconf 81' lang='lat' dir='ltr'>benedixit</span> <span class='ocrx_word' id='word_1_236' title='bbox 498 3204 686 3269; x_wconf 87' lang='lat' dir='ltr'>dominus</span> <span class='ocrx_word' id='word_1_237' title='bbox 711 3205 791 3270; x_wconf 92' lang='lat' dir='ltr'>Noe</span> <span class='ocrx_word' id='word_1_238' title='bbox 816 3210 854 3269; x_wconf 87' lang='lat' dir='ltr'>et</span> <span class='ocrx_word' id='word_1_239' title='bbox 878 3206 996 3271; x_wconf 85' lang='lat' dir='ltr'>lilios</span> <span class='ocrx_word' id='word_1_240' title='bbox 1021 3206 1109 3271; x_wconf 88' lang='lat' dir='ltr'>eius</span> <span class='ocrx_word' id='word_1_241' title='bbox 1134 3206 1345 3269; x_wconf 83' lang='lat' dir='ltr'>dicens:1&gt;</span> 
     </span>
    </p>
   </div>
   <div class='ocr_carea' id='block_1_3' title="bbox 237 3411 829 3481">
    <p class='ocr_par' dir='ltr' id='par_1_3' title="bbox 237 3411 829 3481">
     <span class='ocr_line' id='line_1_28' title="bbox 237 3411 829 3481; baseline 0.003 -16"><span class='ocrx_word' id='word_1_242' title='bbox 237 3413 271 3466; x_wconf 89' lang='grc'>26</span> <span class='ocrx_word' id='word_1_243' title='bbox 291 3411 357 3465; x_wconf 88' lang='lat' dir='ltr'>Gen.</span> <span class='ocrx_word' id='word_1_244' title='bbox 378 3413 403 3474; x_wconf 81' lang='lat'>9,</span> <span class='ocrx_word' id='word_1_245' title='bbox 425 3414 437 3465; x_wconf 96' lang='lat' dir='ltr'>l</span> <span class='ocrx_word' id='word_1_246' title='bbox 459 3429 497 3481; x_wconf 86' lang='lat' dir='ltr'>sq.</span> <span class='ocrx_word' id='word_1_247' title='bbox 518 3412 597 3465; x_wconf 91' lang='lat' dir='ltr'>Philo</span> <span class='ocrx_word' id='word_1_248' title='bbox 618 3412 729 3478; x_wconf 82' lang='lat' dir='ltr'>Quaest.</span> <span class='ocrx_word' id='word_1_249' title='bbox 749 3413 829 3467; x_wconf 83' lang='lat'>1156</span> 
     </span>
    </p>
   </div>
   <div class='ocr_carea' id='block_1_4' title="bbox 148 3534 1294 4308">
    <p class='ocr_par' dir='ltr' id='par_1_4' title="bbox 148 3534 1294 4308">
     <span class='ocr_line' id='line_1_29' title="bbox 183 3534 1291 3606; baseline -0.001 -16"><span class='ocrx_word' id='word_1_250' title='bbox 183 3537 200 3590; x_wconf 91' lang='grc'><strong>2</strong></span> <span class='ocrx_word' id='word_1_251' title='bbox 218 3540 313 3606; x_wconf 85' lang='lat' dir='ltr'>partus</span> <span class='ocrx_word' id='word_1_252' title='bbox 331 3541 378 3589; x_wconf 87' lang='lat' dir='ltr'>nr3</span> <span class='ocrx_word' id='word_1_253' title='bbox 397 3554 429 3591; x_wconf 78' lang='lat' dir='ltr'>ea</span> <span class='ocrx_word' id='word_1_254' title='bbox 447 3541 540 3606; x_wconf 87' lang='lat' dir='ltr'>portos</span> <span class='ocrx_word' id='word_1_255' title='bbox 554 3537 581 3589; x_wconf 94' lang='lat' dir='ltr'><strong><em>P</em></strong></span> <span class='ocrx_word' id='word_1_256' title='bbox 635 3537 734 3592; x_wconf 87' lang='lat' dir='ltr'>sedunt</span> <span class='ocrx_word' id='word_1_257' title='bbox 747 3539 775 3591; x_wconf 90' lang='lat' dir='ltr'><em>P</em></span> <span class='ocrx_word' id='word_1_258' title='bbox 792 3544 816 3601; x_wconf 86' lang='lat' dir='ltr'>(s</span> <span class='ocrx_word' id='word_1_259' title='bbox 835 3542 917 3603; x_wconf 73' lang='lat' dir='ltr'>eraa)</span> <span class='ocrx_word' id='word_1_260' title='bbox 936 3535 1055 3591; x_wconf 84' lang='lat' dir='ltr'>educunt</span> <span class='ocrx_word' id='word_1_261' title='bbox 1071 3534 1194 3590; x_wconf 82' lang='lat' dir='ltr'><em>DNOM</em></span> <span class='ocrx_word' id='word_1_262' title='bbox 1227 3535 1291 3589; x_wconf 79' lang='lat' dir='ltr'>lad</span> 
     </span>
     <span class='ocr_line' id='line_1_30' title="bbox 149 3623 1293 3696; baseline -0.001 -16"><span class='ocrx_word' id='word_1_263' title='bbox 149 3632 173 3689; x_wconf 78' lang='grc' dir='ltr'>(ι</span> <span class='ocrx_word' id='word_1_264' title='bbox 190 3643 211 3680; x_wconf 84' lang='lat' dir='ltr'>a.</span> <span class='ocrx_word' id='word_1_265' title='bbox 232 3624 260 3686; x_wconf 78' lang='lat' dir='ltr'>dt</span> <span class='ocrx_word' id='word_1_266' title='bbox 279 3626 361 3680; x_wconf 61' lang='lat' dir='ltr'>Pasa</span> <span class='ocrx_word' id='word_1_267' title='bbox 385 3627 458 3679; x_wconf 80' lang='lat' dir='ltr'>Trnl</span> <span class='ocrx_word' id='word_1_268' title='bbox 512 3630 528 3681; x_wconf 81' lang='lat'>5</span> <span class='ocrx_word' id='word_1_269' title='bbox 548 3623 605 3696; x_wconf 77' lang='grc' dir='ltr'>ἔαρι</span> <span class='ocrx_word' id='word_1_270' title='bbox 621 3629 720 3695; x_wconf 67' lang='lat' dir='ltr'>scripsi</span> <span class='ocrx_word' id='word_1_271' title='bbox 738 3645 799 3681; x_wconf 87' lang='lat' dir='ltr'>aera</span> <span class='ocrx_word' id='word_1_272' title='bbox 820 3628 885 3680; x_wconf 83' lang='lat' dir='ltr'>libri</span> <span class='ocrx_word' id='word_1_273' title='bbox 938 3628 954 3680; x_wconf 89' lang='grc'><strong>6</strong></span> <span class='ocrx_word' id='word_1_274' title='bbox 974 3624 1020 3695; x_wconf 79' lang='grc' dir='ltr'>ἔαρ</span> <span class='ocrx_word' id='word_1_275' title='bbox 1033 3627 1133 3694; x_wconf 76' lang='lat' dir='ltr'>scripsi</span> <span class='ocrx_word' id='word_1_276' title='bbox 1146 3642 1191 3679; x_wconf 87' lang='lat' dir='ltr'>aer</span> <span class='ocrx_word' id='word_1_277' title='bbox 1205 3626 1232 3678; x_wconf 92' lang='lat' dir='ltr'><em>P</em></span> <span class='ocrx_word' id='word_1_278' title='bbox 1249 3631 1293 3688; x_wconf 69' lang='lat' dir='ltr'>(eu</span> 
     </span>
     <span class='ocr_line' id='line_1_31' title="bbox 148 3715 1292 3786; baseline -0.002 -18"><span class='ocrx_word' id='word_1_279' title='bbox 148 3719 205 3782; x_wconf 87' lang='lat' dir='ltr'>ear)</span> <span class='ocrx_word' id='word_1_280' title='bbox 224 3722 267 3770; x_wconf 62' lang='lat' dir='ltr'>set.</span> <span class='ocrx_word' id='word_1_281' title='bbox 318 3717 334 3769; x_wconf 88' lang='lat'>8</span> <span class='ocrx_word' id='word_1_282' title='bbox 350 3716 509 3786; x_wconf 87' lang='lat' dir='ltr'>phoeniciae</span> <span class='ocrx_word' id='word_1_283' title='bbox 523 3718 550 3771; x_wconf 91' lang='lat' dir='ltr'><em>B</em></span> <span class='ocrx_word' id='word_1_284' title='bbox 569 3717 700 3770; x_wconf 89' lang='lat' dir='ltr'>loeniciae</span> <span class='ocrx_word' id='word_1_285' title='bbox 715 3717 771 3770; x_wconf 85' lang='lat' dir='ltr'>PT</span> <span class='ocrx_word' id='word_1_286' title='bbox 788 3718 902 3786; x_wconf 66' lang='lat' dir='ltr'>lenicius</span> <span class='ocrx_word' id='word_1_287' title='bbox 917 3716 947 3769; x_wconf 91' lang='lat' dir='ltr'><em>D</em></span> <span class='ocrx_word' id='word_1_288' title='bbox 965 3715 1080 3768; x_wconf 70' lang='lat' dir='ltr'>leniciae</span> <span class='ocrx_word' id='word_1_289' title='bbox 1099 3721 1146 3769; x_wconf 86' lang='lat' dir='ltr'>cet.</span> <span class='ocrx_word' id='word_1_290' title='bbox 1198 3715 1231 3768; x_wconf 84' lang='lat'>¹2</span> <span class='ocrx_word' id='word_1_291' title='bbox 1245 3731 1292 3766; x_wconf 86' lang='lat' dir='ltr'>ne·</span> 
     </span>
     <span class='ocr_line' id='line_1_32' title="bbox 148 3803 1292 3875; baseline -0.002 -18"><span class='ocrx_word' id='word_1_292' title='bbox 148 3821 221 3857; x_wconf 83' lang='lat' dir='ltr'>cesse</span> <span class='ocrx_word' id='word_1_293' title='bbox 242 3809 283 3858; x_wconf 84' lang='lat' dir='ltr'>cet</span> <span class='ocrx_word' id='word_1_294' title='bbox 302 3824 351 3858; x_wconf 73' lang='lat' dir='ltr'>ona</span> <span class='ocrx_word' id='word_1_295' title='bbox 372 3805 434 3859; x_wconf 89' lang='lat' dir='ltr'>DN</span> <span class='ocrx_word' id='word_1_296' title='bbox 496 3808 528 3859; x_wconf 88' lang='lat'>13</span> <span class='ocrx_word' id='word_1_297' title='bbox 548 3823 674 3875; x_wconf 85' lang='lat' dir='ltr'>corporea</span> <span class='ocrx_word' id='word_1_298' title='bbox 693 3824 750 3859; x_wconf 86' lang='lat' dir='ltr'>nee.</span> <span class='ocrx_word' id='word_1_299' title='bbox 770 3811 868 3859; x_wconf 84' lang='lat' dir='ltr'>natura</span> <span class='ocrx_word' id='word_1_300' title='bbox 890 3805 914 3858; x_wconf 93' lang='grc' dir='ltr'><em>Τ</em></span> <span class='ocrx_word' id='word_1_301' title='bbox 978 3807 1010 3858; x_wconf 80' lang='grc'>16</span> <span class='ocrx_word' id='word_1_302' title='bbox 1029 3806 1056 3857; x_wconf 89' lang='lat' dir='ltr'>in</span> <span class='ocrx_word' id='word_1_303' title='bbox 1076 3805 1169 3872; x_wconf 80' lang='lat' dir='ltr'>(erae.)</span> <span class='ocrx_word' id='word_1_304' title='bbox 1188 3803 1292 3856; x_wconf 90' lang='lat' dir='ltr'>iracun-</span> 
     </span>
     <span class='ocr_line' id='line_1_33' title="bbox 148 3893 1292 3964; baseline -0.001 -17"><span class='ocrx_word' id='word_1_305' title='bbox 148 3893 219 3947; x_wconf 85' lang='lat' dir='ltr'>diam</span> <span class='ocrx_word' id='word_1_306' title='bbox 240 3894 267 3946; x_wconf 90' lang='lat' dir='ltr'><strong><em>P</em></strong></span> <span class='ocrx_word' id='word_1_307' title='bbox 321 3895 356 3947; x_wconf 91' lang='grc'><strong>20</strong></span> <span class='ocrx_word' id='word_1_308' title='bbox 374 3895 683 3964; x_wconf 80' lang='lat' dir='ltr'>temperantiamle</span> <span class='ocrx_word' id='word_1_309' title='bbox 703 3896 752 3948; x_wconf 81' lang='lat' dir='ltr'>ott</span> <span class='ocrx_word' id='word_1_310' title='bbox 771 3900 855 3960; x_wconf 31' lang='lat' dir='ltr'>eros«)</span> <span class='ocrx_word' id='word_1_311' title='bbox 878 3894 902 3946; x_wconf 89' lang='grc' dir='ltr'><em>Τ</em></span> <span class='ocrx_word' id='word_1_312' title='bbox 919 3899 955 3963; x_wconf 86' lang='lat' dir='ltr'>(m</span> <span class='ocrx_word' id='word_1_313' title='bbox 976 3894 1114 3961; x_wconf 49' lang='lat' dir='ltr'>aaran.)</span> <span class='ocrx_word' id='word_1_314' title='bbox 1194 3893 1292 3961; x_wconf 84' lang='lat' dir='ltr'>aliquis</span> 
     </span>
     <span class='ocr_line' id='line_1_34' title="bbox 152 3981 1294 4050; baseline -0.003 -14"><span class='ocrx_word' id='word_1_315' title='bbox 152 3983 203 4036; x_wconf 89' lang='grc' dir='ltr'>ΤΒ</span> <span class='ocrx_word' id='word_1_316' title='bbox 221 3988 246 4037; x_wconf 80' lang='lat' dir='ltr'>et</span> <span class='ocrx_word' id='word_1_317' title='bbox 265 3987 289 4045; x_wconf 80' lang='lat' dir='ltr'>(a</span> <span class='ocrx_word' id='word_1_318' title='bbox 307 3999 328 4038; x_wconf 80' lang='lat' dir='ltr'>a.</span> <span class='ocrx_word' id='word_1_319' title='bbox 348 3989 387 4049; x_wconf 80' lang='lat' dir='ltr'>a.)</span> <span class='ocrx_word' id='word_1_320' title='bbox 411 3983 441 4036; x_wconf 85' lang='grc' dir='ltr'><em>Τ</em></span> <span class='ocrx_word' id='word_1_321' title='bbox 514 3984 685 4037; x_wconf 86' lang='lat' dir='ltr'>resoluantur</span> <span class='ocrx_word' id='word_1_322' title='bbox 703 3983 821 4037; x_wconf 86' lang='lat' dir='ltr'><em>DNCM</em></span> <span class='ocrx_word' id='word_1_323' title='bbox 881 3985 912 4036; x_wconf 88' lang='grc'>21</span> <span class='ocrx_word' id='word_1_324' title='bbox 934 3984 1031 4036; x_wconf 85' lang='lat' dir='ltr'>timore</span> <span class='ocrx_word' id='word_1_325' title='bbox 1050 3982 1183 4050; x_wconf 84' lang='lat' dir='ltr'>dirigatur</span> <span class='ocrx_word' id='word_1_326' title='bbox 1205 3981 1230 4034; x_wconf 91' lang='grc' dir='ltr'><em>Τ</em></span> <span class='ocrx_word' id='word_1_327' title='bbox 1246 3997 1294 4050; x_wconf 90' lang='lat' dir='ltr'>per</span> 
     </span>
     <span class='ocr_line' id='line_1_35' title="bbox 148 4070 1292 4141; baseline -0.002 -17"><span class='ocrx_word' id='word_1_328' title='bbox 148 4073 272 4126; x_wconf 87' lang='lat' dir='ltr'>timorem</span> <span class='ocrx_word' id='word_1_329' title='bbox 292 4071 444 4141; x_wconf 80' lang='lat' dir='ltr'>dirigantur</span> <span class='ocrx_word' id='word_1_330' title='bbox 461 4072 498 4125; x_wconf 85' lang='lat' dir='ltr'><em>M</em></span> <span class='ocrx_word' id='word_1_331' title='bbox 514 4073 638 4125; x_wconf 87' lang='lat' dir='ltr'>timorem</span> <span class='ocrx_word' id='word_1_332' title='bbox 657 4072 759 4140; x_wconf 85' lang='lat' dir='ltr'>dirigat</span> <span class='ocrx_word' id='word_1_333' title='bbox 777 4071 909 4141; x_wconf 78' lang='lat' dir='ltr'>(dirigant</span> <span class='ocrx_word' id='word_1_334' title='bbox 926 4071 1023 4138; x_wconf 61' lang='grc' dir='ltr'>ΗΝΘ)</span> <span class='ocrx_word' id='word_1_335' title='bbox 1044 4077 1091 4125; x_wconf 86' lang='lat' dir='ltr'>cet.</span> <span class='ocrx_word' id='word_1_336' title='bbox 1177 4072 1211 4124; x_wconf 80' lang='grc'><strong>23</strong></span> <span class='ocrx_word' id='word_1_337' title='bbox 1231 4070 1292 4122; x_wconf 84' lang='lat' dir='ltr'>sub·</span> 
     </span>
     <span class='ocr_line' id='line_1_36' title="bbox 149 4160 1292 4230; baseline -0.002 -16"><span class='ocrx_word' id='word_1_338' title='bbox 149 4161 230 4230; x_wconf 84' lang='lat' dir='ltr'>plicia</span> <span class='ocrx_word' id='word_1_339' title='bbox 253 4161 276 4214; x_wconf 93' lang='grc' dir='ltr'><em>Τ</em></span> <span class='ocrx_word' id='word_1_340' title='bbox 341 4164 375 4216; x_wconf 79' lang='grc'><strong>24</strong></span> <span class='ocrx_word' id='word_1_341' title='bbox 396 4162 550 4216; x_wconf 76' lang='lat' dir='ltr'>accendaris</span> <span class='ocrx_word' id='word_1_342' title='bbox 572 4162 597 4213; x_wconf 85' lang='lat' dir='ltr'><em>P</em></span> <span class='ocrx_word' id='word_1_343' title='bbox 615 4167 638 4214; x_wconf 81' lang='lat' dir='ltr'>lc</span> <span class='ocrx_word' id='word_1_344' title='bbox 657 4179 697 4230; x_wconf 88' lang='lat' dir='ltr'>pr.</span> <span class='ocrx_word' id='word_1_345' title='bbox 719 4180 752 4214; x_wconf 77' lang='lat' dir='ltr'>er:</span> <span class='ocrx_word' id='word_1_346' title='bbox 771 4161 798 4225; x_wconf 87' lang='lat' dir='ltr'>d)</span> <span class='ocrx_word' id='word_1_347' title='bbox 872 4163 906 4215; x_wconf 83' lang='lat'>25</span> <span class='ocrx_word' id='word_1_348' title='bbox 926 4160 1010 4214; x_wconf 89' lang='lat' dir='ltr'>diuini</span> <span class='ocrx_word' id='word_1_349' title='bbox 1030 4160 1236 4213; x_wconf 84' lang='lat' dir='ltr'>commotionem</span> <span class='ocrx_word' id='word_1_350' title='bbox 1256 4163 1292 4223; x_wconf 92' lang='lat' dir='ltr'>(m</span> 
     </span>
     <span class='ocr_line' id='line_1_37' title="bbox 151 4250 471 4308; baseline -0.003 -4"><span class='ocrx_word' id='word_1_351' title='bbox 151 4251 199 4304; x_wconf 80' lang='lat' dir='ltr'>ult.</span> <span class='ocrx_word' id='word_1_352' title='bbox 218 4255 300 4308; x_wconf 77' lang='lat' dir='ltr'>eruat</span> <span class='ocrx_word' id='word_1_353' title='bbox 319 4251 424 4305; x_wconf 87' lang='lat' dir='ltr'>timoris</span> <span class='ocrx_word' id='word_1_354' title='bbox 447 4250 471 4303; x_wconf 92' lang='grc' dir='ltr'><em>Τ</em></span> 
     </span>
    </p>
   </div>
   <div class='ocr_carea' id='block_1_5' title="bbox 0 0 1429 4822">
    <p class='ocr_par' dir='ltr' id='par_1_5' title="bbox 0 0 1429 4822">
     <span class='ocr_line' id='line_1_38' title="bbox 0 0 1429 4822; baseline 0 0"><span class='ocrx_word' id='word_1_355' title='bbox 0 0 1429 4822; x_wconf 95' lang='lat' dir='ltr'> </span> 
     </span>
    </p>
   </div>
  </div>
 </body>
</html>
