2836 4822
151 333 216 397 390
625 328 822 382 Ambrosii

151 525 249 589 altero
275 527 471 588 senectutem
496 523 652 605 quandam
678 524 800 586 animae
824 523 1011 603 praeferant,
1035 520 1133 585 altaro
1153 520 1302 602 redemp-

150 631 267 696 tionem
293 632 462 695 conferant.
487 630 569 693 unde
594 632 626 694 et
649 630 798 694 ciuitates
822 629 1005 694 Leuitarum
1027 628 1059 691 in
1080 626 1182 691 ueteri
1201 628 1300 690 testa·
1368 635 1389 691 C

149 742 256 801 mento
286 737 510 819 redemptrices
540 736 734 820 significauit
755 737 895 820 Moyses,
925 736 1000 818 quia
1022 734 1049 799 is
1074 734 1129 816 qui
1152 734 1300 818 confugit

150 844 190 908 ad
213 863 281 907 eam
307 843 452 920 animam,
477 843 507 906 in
530 861 592 924 qua
610 843 733 906 habitat
756 842 806 906 dei
831 843 973 920 uerbum,
994 861 1073 924 quae
1092 839 1181 905 urbis
1200 840 1297 906 modo

150 951 273 1014 munita
301 954 395 1031 atque
424 950 544 1012 uallata
572 949 625 1027 sit,
649 951 833 1031 perpetuam
856 949 1036 1014 libertatem
1061 947 1200 1030 adquirit
1223 947 1296 1012 sibi.
1328 970 1342 1009 a

151 1056 235 1121 sicut
259 1056 341 1120 enim
365 1056 395 1119 in
421 1056 606 1120 ciuitatibus
630 1056 814 1120 Leuitarum
843 1060 910 1120 erat
937 1074 1108 1138 poenarum
1137 1053 1296 1130 remissio,

151 1168 187 1227 ut
214 1165 242 1227 si
276 1163 346 1245 quis
379 1162 418 1226 ad
451 1181 503 1226 eas
538 1163 733 1246 confugeret,
766 1163 819 1245 qui
851 1182 912 1227 non
944 1160 1155 1226 uoluntariam
1186 1179 1295 1224 necem

150 1270 288 1334 bominis
322 1269 502 1346 admiserat,
536 1269 615 1333 nulli
649 1289 721 1332 eum
758 1270 900 1334 occidere
937 1269 1048 1333 liceret
1082 1269 1165 1332 intra
1200 1267 1296 1331 urbes

151 1377 313 1440 dumtaxat
326 1376 467 1457 positum
484 1377 677 1454 Leuitarnm,
691 1378 738 1440 ita
756 1396 849 1458 quem
868 1377 991 1460 peccati
1008 1375 1127 1458 proprii
1144 1373 1296 1456 paenitet,

151 1484 234 1566 quod
259 1489 315 1548 aut
337 1484 540 1568 inprudenter
559 1487 614 1548 ant
631 1485 754 1548 inuitus
775 1484 914 1561 admisit,
934 1485 962 1548 si
980 1483 1163 1547 Leuitarnm
1183 1481 1296 1546 adbae-
1317 1504 1342 1542 10
1361 1489 1382 1541 u

150 1595 218 1655 reat
246 1591 398 1655 incolatui
427 1595 459 1654 et
482 1591 519 1654 ab
544 1592 593 1654 bis
617 1591 885 1673 praeceptoribus,
911 1590 964 1672 qui
989 1589 1039 1654 dei
1061 1589 1210 1654 mandata
1234 1588 1297 1652 dis·

150 1702 293 1782 pensant,
309 1698 519 1762 recedendum
535 1717 594 1762 non
609 1703 710 1779 putet,
725 1698 776 1762 lex
791 1697 861 1780 ipsa
879 1698 917 1761 ab
938 1697 1022 1762 omni
1041 1717 1113 1761 eum
1132 1696 1296 1761 commissi

97 1804 262 1889 flllagitii
290 1825 392 1888 poena
419 1805 642 1887 supplicioque
670 1805 792 1869 liberat.
817 1823 873 1869 nec
897 1804 1069 1869 absurdum
1092 1806 1186 1886 putes
1211 1802 1296 1885 quod

150 1913 319 1978 facinorosi
355 1912 537 1976 cohabitant
573 1912 635 1993 piis
668 1931 703 1975 ac
736 1912 892 1977 maculosi
925 1911 1070 1985 sacratis;
1100 1929 1181 1992 opus
1211 1910 1296 1974 enim

149 2020 267 2083 babent
295 2018 452 2101 purificari
481 2019 535 2099 qui
559 2018 664 2100 aliquo
687 2018 802 2100 polluti
826 2022 900 2083 sunt
924 2018 1112 2083 delictorum
1136 2017 1294 2101 contagio.
1317 2036 1342 2073 1⁵

151 2130 183 2190 et
210 2126 441 2208 quodammodo
471 2125 597 2189 diuerso
627 2144 739 2208 genere
769 2144 865 2189 causa
892 2124 1060 2189 conounit.
1094 2124 1179 2189 siout
1209 2123 1293 2188 enim

136 2233 278 2325 'Leuites
307 2232 474 2296 mundanis
498 2232 719 2315 uoluptatibus
744 2232 909 2296 abdicatus
934 2232 1005 2296 exul
1029 2237 1079 2297 est
1102 2232 1225 2313 cnlpae,
1250 2231 1296 2296 ita
1365 2238 1386 2291 E

149 2357 221 2401 reus
252 2338 414 2422 sanguinis
442 2339 600 2422 fugitiuus
630 2341 680 2402 est
706 2339 837 2420 patriae.
866 2338 921 2402 sed
949 2339 1009 2403 hoe
1037 2339 1180 2415 interest,
1208 2338 1295 2420 quod

150 2445 211 2507 iste
245 2444 433 2508 necessitate
467 2464 542 2509 suos
576 2445 694 2509 deserit
724 2449 852 2527 propter
880 2448 1001 2510 metum
1028 2445 1121 2530 legis,
1149 2445 1296 2509 minister

151 2554 257 2613 autern
300 2551 349 2614 dei
390 2552 597 2616 humanarum
639 2551 807 2616 consortiis
843 2552 1002 2615 renuntiat
1039 2552 1224 2634 passionum
1263 2555 1296 2615 et
1315 2568 1343 2606 ευ

151 2656 285 2738 quadam
318 2658 452 2721 carnalia
484 2658 660 2722 inlecebrae
689 2678 722 2722 se
751 2659 878 2723 abdicat
904 2657 1139 2723 necessitudine
1166 2660 1297 2741 propter

150 2763 257 2827 studia
283 2764 423 2829 uirtutis.
452 2765 547 2828 etiam
570 2765 652 2828 illud
679 2784 739 2829 non
768 2765 915 2829 abhorret
937 2783 955 2827 a
977 2783 1063 2838 nero,
1088 2764 1294 2846 quodetiam

149 2870 210 2934 iste
239 2871 329 2936 uelut
357 2872 508 2953 quasdam
536 2872 567 2934 in
597 2891 630 2936 se
658 2891 770 2936 manus
799 2872 899 2951 inicit,
927 2876 964 2936 nt
991 2871 1159 2935 interficiat
1181 2871 1296 2953 uolup-

149 2980 231 3041 tates
255 2977 305 3040 sni
330 2977 467 3058 corporis
493 2982 525 3042 et
548 2979 703 3060 quendam
728 2998 804 3042 suae
828 2980 929 3043 earnis
954 2982 1101 3061 operetur
1117 2978 1294 3043 interitum.

149 3083 309 3147 interfecit
341 3104 452 3166 nempe
484 3085 613 3168 Moyses
645 3086 840 3169 Aegyptium
868 3089 901 3150 et
927 3087 1021 3170 fugax
1049 3086 1153 3150 factus
1181 3088 1233 3149 est
1256 3084 1295 3149 de
1315 3091 1386 3145 eof

149 3193 232 3253 terra
264 3191 411 3274 Aegypti,
445 3195 481 3255 ut
514 3192 686 3256 declinaret
713 3193 781 3256 eius
809 3197 910 3256 terrae
938 3197 1116 3277 tyrannum.
1146 3191 1202 3256 sed
1231 3212 1293 3256 non

150 3298 222 3360 ante
246 3297 337 3360 illum
361 3297 576 3363 interfecisset
598 3299 792 3382 Aegyptium
816 3299 987 3376 hominem,
1011 3299 1073 3364 nisi
1095 3299 1183 3381 prius
1207 3299 1240 3363 in
1260 3319 1295 3364 se

148 3403 342 3487 Aegyptium
374 3404 534 3486 nequitiae
567 3405 719 3486 spiritalis
751 3406 965 3470 interemisset
993 3408 1024 3470 et
1051 3404 1233 3469 abdicasset
1260 3425 1295 3470 se

238 3667 254 3718 2
280 3664 359 3720 Ν11111,
386 3665 429 3725 35,
456 3668 472 3717 6
498 3682 556 3735 sqq.
582 3665 660 3719 Philo
687 3665 720 3718 de
745 3682 812 3719 saer.
839 3667 872 3720 37
898 3666 971 3730 (188.
997 3667 1044 3730 35;
1070 3666 1084 3719 1
1109 3666 1170 3730 253,
1196 3667 1230 3720 15
1252 3665 1295 3728 C.)

148 3752 241 3807 ⁴iIolr.
264 3754 286 3816 l,
308 3754 342 3806 14
394 3754 425 3805 13
443 3752 523 3805 Philo
543 3752 576 3806 de
595 3770 661 3806 sacr.
681 3753 716 3806 38
736 3754 807 3820 (189,
830 3754 874 3816 14;
894 3753 988 3818 1254,
1008 3755 1041 3807 19
1063 3754 1103 3819 0.)
1160 3754 1193 3808 16
1212 3754 1295 3808 Philo

150 3840 182 3893 de
202 3858 267 3894 saar.
287 3841 322 3894 38
341 3842 413 3906 (188,
433 3842 480 3905 38;
500 3843 512 3894 1
533 3842 593 3905 254,
612 3843 630 3894 4
652 3840 692 3906 C.)
793 3843 827 3895 22
846 3841 924 3895 Philo
945 3841 978 3896 do
997 3859 1063 3898 sacr.
1082 3842 1117 3896 38
1138 3843 1210 3907 (189,
1231 3845 1262 3905 2;
1282 3845 1297 3898 1

149 3928 209 3990 254,
231 3928 262 3980 ll
286 3928 326 3991 C.)
383 3929 416 3980 25
437 3928 518 3981 Erod.
539 3930 563 3991 2,
586 3929 618 3982 12
673 3929 707 3982 26
724 3928 757 3982 cf.
772 3929 850 3983 Plrilo
866 3928 899 3982 de
919 3946 986 3983 sacr.
1006 3930 1040 3983 38
1060 3928 1133 3995 (189,
1150 3931 1180 3994 5;
1198 3929 1213 3983 1
1232 3932 1296 3996 254,

150 4016 183 4068 13
205 4018 245 4080 (’.)
301 4017 334 4069 28
354 4015 436 4068 Exco.
457 4018 481 4079 2,
502 4017 535 4070 10
555 4035 594 4086 sq.

184 4140 199 4191 3
224 4140 247 4192 is
272 4141 358 4192 ARV
379 4147 404 4193 et
427 4142 447 4205 (i
472 4144 503 4194 in
527 4146 593 4207 ros)
613 4143 640 4195 P
661 4143 704 4196 nis
724 4147 771 4197 cet.
862 4143 879 4194 4
900 4142 972 4195 urbis
991 4142 1055 4196 AA‘
1078 4141 1196 4197 vindob.
1220 4147 1300 4199 4601

149 4227 239 4280 uerbis
264 4228 381 4281 uincor.
405 4234 464 4282 758
484 4237 508 4296 (e
529 4238 609 4298 eros.)
630 4237 678 4286 cet.
