2836 4822
139 343 206 407 382
614 336 811 390 Ambrosii

142 536 264 600 nostri
284 536 369 599 Iesu
391 533 535 598 Christi
556 535 742 597 seruetur.
768 530 859 595 cuius
879 530 1111 614 conspersionis
1130 529 1294 612 primitiae

143 642 303 725 spiritales
334 643 417 717 sunt,
446 640 505 704 hoc
535 643 584 703 est
606 638 806 703 inuentiones
830 642 863 701 et
886 638 1102 721 generationes
1127 656 1294 711 sensuum,

140 750 197 832 qui
231 769 266 813 en
301 749 411 832 uigore
444 748 566 811 animae
599 747 784 828 procedunt.
816 745 871 809 sed
904 765 964 809 non
999 763 1107 809 omnes
1135 743 1295 826 primitiui

142 877 254 920 sensus
288 855 349 919 nisi
383 855 435 936 qui
469 854 608 918 malitiae
637 856 669 917 et
697 851 898 936 inprobitatis
928 855 1022 933 atque
1051 852 1153 916 omnis
1177 850 1294 916 erroris

141 967 265 1027 exortes
298 962 371 1027 sint.
407 964 482 1025 sunt
514 961 609 1024 etiam
642 959 836 1024 necessariae
876 959 1016 1041 corporis
1054 958 1294 1032 delectationes,
1327 977 1340 1017 s

142 1074 180 1133 nt
215 1069 390 1134 dormiendi
423 1067 535 1132 edendi
568 1066 696 1151 bibendi
729 1064 949 1130 deambulandi
983 1067 1015 1129 et
1049 1065 1144 1129 ceteri
1177 1083 1294 1128 sensus

144 1176 339 1254 huiusmodi,
372 1176 427 1240 sed
452 1194 512 1239 non
536 1175 566 1238 in
591 1174 641 1239 his
665 1174 834 1256 primitiae.
859 1177 891 1237 et
913 1173 984 1237 ideo
1008 1192 1070 1237 non
1094 1173 1125 1236 in
1150 1171 1211 1249 his,
1236 1170 1296 1235 sed

144 1284 176 1347 in
208 1283 273 1348 illis
308 1283 427 1348 domini
462 1285 705 1356 sacramentum,
738 1280 792 1345 uhi
826 1279 968 1357 castitas,
1003 1280 1057 1343 ubi
1088 1279 1202 1362 pietas,
1236 1278 1294 1343 uhi
1356 1295 1378 1349 Ε

142 1390 220 1453 fides
236 1393 330 1471 atque
352 1389 490 1453 deuotio.
511 1389 602 1452 cuius
622 1388 667 1452 rei
687 1388 889 1452 manifestum
912 1391 944 1450 et
962 1387 1092 1451 euidens
1112 1387 1295 1468 exemplum

145 1499 195 1559 est
226 1495 345 1560 oblatio
378 1495 573 1578 patriarchae
606 1495 707 1569 Isaac,
741 1513 835 1576 quem
869 1493 1015 1558 sacrificii
1048 1493 1140 1557 modo
1174 1492 1296 1575 optulit
1314 1514 1341 1554 ro

144 1605 233 1683 pater
273 1602 391 1666 nullius
434 1605 522 1666 motu
565 1600 722 1684 passionis
764 1601 895 1665 inflexus
933 1601 1099 1678 hnmanae,
1142 1599 1295 1664 mundam

146 1708 278 1773 offerens
294 1708 352 1772 deo
366 1709 506 1773 hostiam
523 1728 721 1790 uacuamque
740 1707 918 1773 formidinis
936 1710 968 1771 et
987 1725 1153 1788 corporeae
1173 1706 1296 1788 cupidi·

147 1816 221 1880 tatis
252 1816 425 1896 inmunem,
457 1834 529 1879 cum
557 1816 629 1898 ipsa
651 1815 753 1898 pietas
777 1815 877 1896 patris
902 1814 1063 1878 deuotioni
1088 1812 1214 1878 eederet
1236 1814 1296 1877 im·

146 1922 307 1986 molentis.

75 2033 141 2116 2,7
188 2028 281 2092 Nunc
319 2028 555 2093 consideremus
594 2048 673 2111 quae
711 2028 753 2092 sit
791 2028 842 2091 uis
876 2028 1086 2110 primitiarum
1120 2032 1152 2091 et
1184 2029 1294 2090 utrum
1315 2036 1381 2089 ιη

146 2138 288 2219 tempore
322 2136 529 2200 aestimentur
555 2136 714 2219 primitias
744 2156 782 2198 an
811 2136 990 2211 sanctitate,
1019 2135 1078 2199 hoc
1106 2138 1157 2199 est
1184 2137 1296 2198 utrum

147 2242 252 2307 ornnia
275 2242 486 2324 primogenita
509 2243 793 2306 sanctificationem
817 2242 955 2305 habeant
982 2241 1203 2324 primitiarum.
1231 2240 1297 2321 pri·
1343 2251 1387 2306 aar

146 2351 254 2415 mitiae
279 2351 396 2414 etenim
420 2352 581 2414 fructuum
606 2354 733 2415 sanctae
758 2349 933 2414 secundum
957 2350 1070 2434 legem,
1096 2348 1170 2429 quia
1192 2348 1222 2411 in
1244 2348 1297 2412 his

147 2457 303 2538 optimum
327 2458 462 2521 festinae
485 2457 558 2522 fidei
584 2457 774 2521 sacrificium
798 2460 857 2534 est,
879 2457 934 2520 sed
952 2456 1034 2520 fiunt
1052 2460 1179 2519 sanetae
1200 2453 1298 2519 deuo-

146 2562 242 2640 tione,
275 2583 335 2627 non
370 2568 522 2645 tempore.
556 2585 615 2628 non
649 2568 822 2646 prouentus
853 2563 1039 2640 sanctificat,
1069 2561 1124 2626 sed
1154 2561 1297 2626 deuotio.
1318 2587 1346 2625 ao

146 2669 282 2750 denique
311 2671 366 2733 uhi
396 2672 479 2735 celer
506 2675 680 2753 prouentus
711 2674 770 2750 est,
795 2671 822 2734 si
847 2671 975 2735 derrotio
999 2672 1149 2743 moretur,
1174 2668 1299 2732 offensa

146 2776 352 2842 contrahitur.
381 2798 440 2841 nou
471 2797 544 2861 ergo
574 2779 678 2843 omnia
706 2779 916 2861 primogenita
948 2780 1067 2852 sancta,
1101 2775 1156 2839 sed
1189 2776 1300 2839 omnia

147 2903 228 2964 quae
244 2887 353 2949 sancta
368 2887 443 2948 sunt
457 2885 552 2948 etiam
568 2885 790 2968 primogenita.
812 2885 945 2964 denique
962 2883 1036 2948 Cain
1051 2881 1297 2965 primogenitus,

146 2990 202 3053 sed
235 3010 295 3055 non
329 2995 468 3056 sanctus.
504 2995 632 3056 sanctus
661 3010 786 3073 quoque
814 2991 950 3055 Istrahel
980 2990 1029 3053 dei
1058 2988 1207 3071 populus,
1237 2987 1293 3052 sed
1360 2999 1381 3052 B

147 3117 207 3160 non
236 3098 356 3179 primus
386 3100 498 3162 aetate.
533 3102 565 3161 et
592 3102 695 3161 tamen
725 3097 955 3181 primogenitus
988 3095 1175 3179 appellatur,
1209 3093 1298 3158 sicut
1316 3121 1343 3160 ss

145 3203 301 3286 scriptum
326 3205 427 3268 estin
453 3205 632 3287 prophetis:
666 3204 945 3288 primogenitus
978 3223 1082 3268 meus
1114 3201 1294 3265 Istrahel.

145 3313 179 3372 et
201 3310 279 3373 Leni
303 3313 444 3386 sanctus,
464 3310 599 3375 sednon
619 3310 865 3394 primogenitus:
890 3329 961 3374 uam
980 3309 1094 3373 tertius
1113 3308 1189 3372 Liae
1208 3306 1295 3371 filius

237 3500 252 3551 9
272 3499 352 3552 Philo
373 3498 406 3553 dc
426 3517 492 3552 sacr.
513 3500 546 3554 33
567 3502 638 3559 (184.
657 3503 705 3557 47:
726 3502 738 3555 1
757 3503 818 3561 ⁶247,
837 3503 854 3554 4
876 3502 916 3566 (-’.)
974 3503 1006 3554 17
1025 3499 1106 3554 Num.
1129 3500 1169 3563 18,
1185 3501 1202 3555 8
1217 3504 1247 3554 et
1263 3500 1295 3554 10

145 3588 181 3640 26
200 3586 282 3640 Exod.
303 3591 327 3650 4,
348 3589 382 3642 22
438 3589 471 3641 27
492 3587 558 3641 Gen.
578 3590 621 3651 29,
641 3591 675 3642 34

184 3713 199 3764 5
219 3714 337 3764 exsortes
356 3712 425 3764 ΜΡ
432 3712 457 3764 V
473 3718 497 3764 et
517 3715 540 3773 (s
554 3730 599 3781 pr.
618 3732 639 3766 a.
659 3720 698 3779 a.)
719 3715 746 3766 P
799 3716 864 3783 sint]
885 3719 950 3768 sunt
968 3715 1038 3767 atA‘
1062 3720 1086 3767 et
1106 3713 1173 3778 (sint
1191 3715 1249 3784 Ιηι3)
1273 3715 1300 3766 V

184 3798 276 3868 etiarn]
297 3800 417 3852 eninrA¹
456 3801 488 3855 10
503 3801 596 3855 isacS
648 3803 749 3872 optulit
764 3803 1029 3857 SAAEP‘Vobtulit
1043 3809 1089 3858 cet.
1129 3805 1161 3856 19
1178 3803 1296 3857 festinae

146 3887 284 3940 M⁴PP⁴V
301 3888 401 3941 festina
419 3894 466 3942 cet.
522 3891 556 3944 20
569 3891 638 3957 fort.
659 3908 711 3944 non
725 3893 826 3945 fanins>
849 3910 901 3962 pr.;
916 3903 1013 3961 (quas)
1026 3909 1078 3945 non
1094 3909 1111 3941 α
1123 3891 1220 3960 (quia)
1241 3909 1296 3945 non

146 3975 282 4030 eddium.
321 3977 353 4030 21
376 3978 398 4030 si
417 3994 467 4031 om.
489 3979 551 4031 AA‘
589 3981 623 4033 22
642 3981 729 4033 *umisa
748 3982 837 4034 orrnria
856 3997 925 4049 quac
944 3997 1028 4047 resque
1047 3981 1086 4033 ad
1100 3997 1129 4047 p.
1151 3983 1210 4034 392
1228 3986 1297 4034 aa?

148 4065 297 4133 copulatur.
313 4066 397 4118 hahes
412 4067 509 4120 desunt
523 4069 554 4120 r'n
569 4067 603 4133 S;
622 4068 781 4122 exciderunt
794 4069 867 4136 solio
882 4075 1021 4137 qrcattuor.
1038 4073 1146 4122 sancta.
1160 4109 1166 4121 .
1178 4110 1184 4120 .
1195 4071 1297 4137 primo-

149 4153 242 4221 genita
261 4169 311 4206 om.
331 4154 374 4207 Μ’
431 4156 466 4209 23
486 4159 550 4209 sunt
570 4159 662 4212 dsunt*
682 4173 699 4206 a
757 4159 791 4210 24
809 4175 863 4224 sqq.
884 4158 934 4210 isrd
953 4157 1019 4210 libri
1038 4158 1089 4225 (sic
1105 4157 1164 4224 fere
1180 4160 1298 4228 emper)

146 4242 183 4294 27
203 4241 273 4294 filius
292 4259 342 4296 orn.
358 4242 395 4295 M
633 4250 637 4259 '
