2836 4822
301 353 342 406 De
362 351 427 406 Cain
448 355 476 404 ct
494 351 563 405 Abel
582 351 610 403 ΙΙ
630 353 654 412 1,
672 352 744 405 4-6
781 350 805 415 (Ι
825 350 877 403 206
896 350 1010 403 1)-207
1029 350 1075 416 D).
1202 353 1264 417 381

124 552 199 613 sunt
226 548 384 630 primitiae
413 566 503 611 areae
532 545 699 628 spiritalis3
732 548 898 627 propterea
925 544 1020 608 etiam
1052 543 1147 608 rurali
1180 563 1269 608 areae

125 659 344 738 conparantur,
386 654 416 719 in
455 673 518 737 qna
555 653 748 717 uentilantur
786 653 953 717 frumenta.
995 651 1080 715 sicut
1116 653 1200 715 enim
1237 652 1268 714 in

124 763 183 826 hac
215 761 312 826 rurali
345 780 417 825 area
449 761 607 825 excutitur
639 760 781 824 triticum
815 762 910 842 atque
942 759 1095 824 hordeum
1123 762 1165 834 ct,
1194 759 1268 822 dum
1279 760 1370 816 207n

125 868 253 951 saepius
287 868 472 946 uentilatur,
502 870 665 950 separatur
688 886 706 930 a
729 866 840 950 paleis,
869 867 945 949 quia
970 867 1079 948 paleae
1108 872 1271 948 ceteraque

93 979 334 1059 spurgamenta
361 975 476 1039 messis
505 975 536 1039 in
565 975 727 1039 diuersum
762 974 845 1038 leuis
874 992 967 1038 aurae
1000 973 1170 1056 spiramine
1210 972 1273 1036 dis-

128 1083 279 1164 sipantur,
318 1082 373 1146 illa
409 1101 484 1146 uero
523 1101 603 1165 quae
641 1081 793 1146 solidiora
829 1083 905 1144 sunt
935 1081 965 1143 in
999 1081 1106 1144 locum
1139 1079 1273 1143 eundern

129 1208 260 1254 excusso
292 1190 424 1272 puluere
447 1189 643 1264 relabuntur,
667 1189 712 1252 ita
736 1187 967 1272 cogitationum
992 1190 1169 1252 nostrarum
1195 1181 1274 1268 quae

129 1307 205 1360 sunt
233 1296 354 1360 solidae
383 1299 477 1377 atque
506 1296 643 1378 optimae
673 1315 783 1378 puram
812 1300 908 1378 atque
940 1295 1095 1358 sinceram
1128 1292 1276 1356 exhibent

129 1402 260 1466 uirtutis
286 1402 478 1478 alimoniam,
503 1402 587 1466 sicut
610 1402 763 1483 scriptum
796 1406 858 1467 est:
892 1401 980 1485 quia
1012 1419 1081 1465 non
1114 1399 1150 1463 in
1184 1417 1276 1481 pane

86 1526 111 1564 10
132 1510 213 1573 solo
247 1509 350 1573 uiuit
382 1508 504 1583 homo,
535 1508 600 1572 sed
627 1508 662 1571 in
693 1508 791 1573 om'ni
818 1508 931 1572 uerbo
961 1507 1030 1583 dei,
1061 1525 1140 1589 quae
1169 1509 1276 1569 autem

130 1614 261 1680 inutiles
295 1634 331 1680 ao
364 1633 483 1679 uacuae
512 1614 739 1698 disperguntur
766 1619 802 1678 ut
829 1614 937 1678 fumus
965 1633 1001 1677 ac
1029 1615 1173 1689 nebulae,
1203 1614 1278 1697 quia
1303 1616 1328 1670 B

132 1723 216 1786 sicut
243 1722 351 1786 sumus
380 1722 481 1787 oculis
511 1722 558 1787 sic
584 1721 736 1804 iniquitas
765 1722 930 1787 utentibus
954 1742 1001 1786 ea.
1026 1724 1059 1785 et
1080 1725 1165 1785 recte
1188 1721 1276 1784 furno

132 1829 283 1912 iniqnitas
316 1833 514 1910 conparatur,
549 1848 628 1911 qnae
659 1830 751 1893 uelut
782 1828 918 1913 quadarn
951 1828 1106 1892 saeculari
1143 1826 1277 1910 caligine

64 1934 85 1996 6
134 1936 233 2000 aciem
257 1935 373 2000 mentis
399 1935 540 2000 obducit.
565 1940 597 1999 et
619 1936 690 2000 ideo
716 1936 793 2000 dicit
816 1936 977 2001 dominus:
1008 1954 1088 1999 cnm
1117 1936 1278 1999 intraue-

89 2061 114 2099 15
134 2042 223 2106 ritis
253 2043 288 2105 in
318 2045 466 2120 terram,
497 2042 533 2106 in
564 2061 670 2124 quom
699 2042 835 2106 induco
864 2062 941 2116 uos,
967 2045 1108 2106 etcum
1131 2040 1280 2105 mandu-

135 2169 217 2214 care
257 2149 466 2232 coeperitis
505 2148 547 2213 de
584 2149 743 2232 panibus
781 2153 902 2214 terrae
941 2150 1064 2228 illius,
1106 2148 1280 2213 offeretis

136 2255 366 2320 oblationem
401 2258 613 2337 separatam
647 2255 809 2334 domino,
847 2256 1038 2339 primitias
1072 2254 1280 2336 conspersi·

137 2363 218 2427 onis
257 2367 409 2427 uestrae
448 2383 596 2445 panem:
636 2364 737 2428 sicut
769 2364 1000 2429 oblationem
1034 2363 1075 2426 de
1109 2382 1194 2425 area
1228 2361 1281 2424 sic

137 2469 321 2534 auferetis
344 2469 536 2552 primitias
562 2471 827 2535 confusionum
851 2474 1065 2535 uestrarum
1086 2473 1122 2534 et
1141 2468 1282 2532 dabitis

90 2596 117 2633 cn
137 2576 295 2640 domino.
331 2577 473 2640 confusio
502 2597 559 2641 nos
588 2597 700 2642 sumus
729 2577 925 2642 diuersorum
955 2578 1183 2641 elementorum
1208 2595 1282 2656 qua·
1312 2578 1334 2634 C

138 2681 210 2745 dam
252 2682 473 2746 commixtione
515 2683 683 2765 conpositi,
726 2683 884 2766 siquidem
920 2682 1071 2767 frigidum
1111 2681 1211 2745 calido
1251 2686 1282 2745 ct

138 2788 281 2852 umidum
306 2788 390 2852 sicco
410 2790 563 2854 miscetur
581 2790 612 2852 in
632 2790 733 2854 nohis.
752 2790 830 2854 haec
850 2789 1030 2872 conspersio
1051 2788 1168 2852 multas
1187 2788 1284 2852 hahet

139 2894 240 2957 carnis
277 2895 462 2973 inlecebras,
500 2896 654 2978 plurimas
692 2896 929 2974 delectationes,
962 2896 1018 2960 sed
1050 2915 1111 2960 non
1144 2899 1218 2959 sunt
1250 2895 1282 2957 hi

138 3001 294 3082 primitiui
324 3003 420 3066 huius
445 3003 584 3086 corporis
609 3023 731 3069 sensus.
760 3006 792 3067 et
815 3004 889 3085 quia
912 3022 948 3067 ex
970 3004 1073 3067 anima
1097 3007 1129 3066 et
1153 3021 1282 3085 corpore

92 3135 120 3176 as
140 3110 321 3171 constamus
359 3112 391 3172 et
427 3110 552 3190 spiritu,
590 3111 666 3175 haec
704 3110 884 3193 conspersio
920 3109 1115 3193 principalis,
1151 3109 1182 3172 in
1222 3127 1284 3189 qua

141 3214 327 3278 sanctificari
352 3235 409 3280 nos
434 3217 598 3299 apostolus
623 3217 721 3299 cupit,
747 3218 832 3283 sicut
856 3217 913 3281 ait:
937 3217 1020 3299 ipse
1045 3220 1167 3280 autern
1192 3215 1283 3280 deus

140 3321 244 3402 pacis
274 3323 497 3388 sanctificet
525 3343 592 3388 nos
619 3344 685 3406 per
714 3325 845 3402 omnia,
875 3327 911 3389 et
939 3324 1088 3407 integer
1121 3322 1283 3406 spiritus

142 3408 273 3492 uester
296 3433 332 3493 et
355 3430 474 3494 anima
499 3433 535 3494 ct
560 3450 695 3513 corpus
720 3431 799 3496 sinc
825 3433 979 3513 querela
1001 3431 1040 3519 in
1061 3430 1119 3494 die
1144 3429 1284 3493 domini
1312 3435 1339 3488 Ι)

232 3687 463 3745 1Νι1111,15.20
513 3689 694 3753 91111664
747 3691 780 3743 12
800 3690 925 3746 Prouerb.
948 3692 989 3754 10,
1009 3692 1042 3745 26
1096 3692 1128 3744 14
1148 3690 1226 3744 Num.
1244 3692 1285 3745 15.

144 3777 244 3829 18-21
267 3776 347 3830 Philo
368 3776 400 3830 de
420 3794 486 3831 sacr.
506 3778 633 3845 311184,
655 3779 700 3841 19;
720 3779 733 3832 Ι
751 3780 812 3841 216,
835 3781 846 3832 1
871 3778 911 3844 C.)
968 3781 1002 3832 26
1021 3777 1033 3830 Ι
1052 3778 1145 3832 Thess.
1166 3781 1191 3841 5,
1211 3780 1245 3831 23

180 3910 191 3961 1
214 3910 295 3963 rurali
315 3911 345 3974 di
364 3928 384 3963 a.
404 3912 444 3980 u.)
461 3911 560 3964 harene
582 3918 609 3976 (n
628 3915 710 3976 erus.)
730 3911 753 3965 S
853 3915 869 3964 3
889 3913 971 3964 harca
989 3911 1012 3965 S
1030 3918 1057 3977 (a
1076 3912 1124 3965 ult.
1143 3913 1174 3964 in
1191 3928 1248 3964 raa.
1269 3916 1291 3963 2

145 3998 194 4050 litt.
216 4002 271 4067 m3)
346 4000 378 4052 10
398 4000 468 4052 uiuit
487 3999 616 4052 BM‘PV
632 4001 709 4053 uiuet
727 4007 774 4053 cet.
854 4002 885 4054 17
905 4005 1057 4070 separatam
1069 4045 1075 4056 .
1088 4043 1092 4053 .
1105 4044 1109 4053 .
1121 4000 1287 4054 oblationem

143 4104 193 4140 om⁴
214 4087 240 4139 B
334 4089 364 4140 19
385 4088 513 4141 auferetis
533 4088 610 4142 Sml
621 4088 756 4142 MBM‘V
775 4090 892 4142 afferetis
911 4090 944 4142 P*
965 4089 1083 4143 offeretis
1103 4090 1126 4143 S
1139 4094 1185 4142 m3
1198 4089 1291 4143 ΑΔῬ

144 4178 178 4230 22
198 4175 336 4230 harnidum
357 4177 422 4230 libri
476 4178 510 4232 23
528 4178 557 4230 hi
577 4177 635 4230 BV
650 4178 689 4230 hii
708 4184 755 4231 cet.
810 4179 844 4232 21
865 4182 892 4232 et
911 4179 975 4246 quia
992 4180 1091 4248 scripsi
1109 4183 1192 4248 utque
1217 4178 1288 4231 Vnt

145 4265 209 4333 quia
228 4272 274 4320 cet.
322 4267 355 4319 26
376 4284 424 4319 nos
443 4266 604 4320 sanctificari
624 4268 700 4336 cupit
718 4268 857 4337 apostolus
872 4268 899 4320 B
942 4270 975 4321 27
995 4269 1069 4338 pacis
1084 4268 1137 4321 PV
1151 4271 1228 4338 pater
1242 4274 1291 4320 cet.
