<?xml version="1.0" encoding="UTF-8"?>
<!DOCTYPE html PUBLIC "-//W3C//DTD XHTML 1.0 Transitional//EN"
    "http://www.w3.org/TR/xhtml1/DTD/xhtml1-transitional.dtd">
<html xmlns="http://www.w3.org/1999/xhtml" xml:lang="en" lang="en">
 <head>
  <title>
</title>
<meta http-equiv="Content-Type" content="text/html;charset=utf-8" />
  <meta name='ocr-system' content='tesseract 3.04.00' />
  <meta name='ocr-capabilities' content='ocr_page ocr_carea ocr_par ocr_line ocrx_word'/>
</head>
<body>
  <div class='ocr_page' id='page_1' title='image "./sanctiambrosiio02petsgoog_0468.png"; bbox 0 0 2836 4822; ppageno 0'>
   <div class='ocr_carea' id='block_1_1' title="bbox 470 365 1295 433">
    <p class='ocr_par' dir='ltr' id='par_1_1' title="bbox 470 365 1295 433">
     <span class='ocr_line' id='line_1_1' title="bbox 470 365 1295 433; baseline 0 -12"><span class='ocrx_word' id='word_1_1' title='bbox 470 368 512 421; x_wconf 90' lang='lat' dir='ltr'><strong>De</strong></span> <span class='ocrx_word' id='word_1_2' title='bbox 531 368 590 422; x_wconf 88' lang='lat' dir='ltr'><strong>Noe</strong></span> <span class='ocrx_word' id='word_1_3' title='bbox 611 370 653 429; x_wconf 82' lang='grc'><strong>11,</strong></span> <span class='ocrx_word' id='word_1_4' title='bbox 672 369 704 422; x_wconf 88' lang='grc'><strong>61</strong></span> <span class='ocrx_word' id='word_1_5' title='bbox 745 366 770 431; x_wconf 86' lang='grc' dir='ltr'><strong>(Ι</strong></span> <span class='ocrx_word' id='word_1_6' title='bbox 788 365 839 422; x_wconf 80' lang='grc'><strong>253</strong></span> <span class='ocrx_word' id='word_1_7' title='bbox 858 365 962 433; x_wconf 75' lang='lat' dir='ltr'><strong>A-r).</strong></span> <span class='ocrx_word' id='word_1_8' title='bbox 1231 366 1295 430; x_wconf 84' lang='grc'><strong>457</strong></span> 
     </span>
    </p>
   </div>
   <div class='ocr_carea' id='block_1_2' title="bbox 49 560 1337 3320">
    <p class='ocr_par' dir='ltr' id='par_1_2' title="bbox 148 560 1337 968">
     <span class='ocr_line' id='line_1_2' title="bbox 149 560 1295 644; baseline -0.003 -17"><span class='ocrx_word' id='word_1_9' title='bbox 149 564 338 631; x_wconf 78' lang='lat' dir='ltr'><strong>subducitur</strong></span> <span class='ocrx_word' id='word_1_10' title='bbox 367 567 399 628; x_wconf 93' lang='lat' dir='ltr'><strong>et</strong></span> <span class='ocrx_word' id='word_1_11' title='bbox 426 563 497 628; x_wconf 90' lang='lat' dir='ltr'><strong>ideo</strong></span> <span class='ocrx_word' id='word_1_12' title='bbox 526 564 580 644; x_wconf 92' lang='lat' dir='ltr'><strong>qui</strong></span> <span class='ocrx_word' id='word_1_13' title='bbox 609 564 672 627; x_wconf 88' lang='lat' dir='ltr'><strong>alia</strong></span> <span class='ocrx_word' id='word_1_14' title='bbox 698 563 820 626; x_wconf 91' lang='lat' dir='ltr'><strong>ratione</strong></span> <span class='ocrx_word' id='word_1_15' title='bbox 852 562 973 643; x_wconf 90' lang='lat' dir='ltr'><strong>primus</strong></span> <span class='ocrx_word' id='word_1_16' title='bbox 1007 564 1138 642; x_wconf 86' lang='lat' dir='ltr'><strong>putatur</strong></span> <span class='ocrx_word' id='word_1_17' title='bbox 1170 560 1295 625; x_wconf 86' lang='lat' dir='ltr'><strong>diuersa</strong></span> 
     </span>
     <span class='ocr_line' id='line_1_3' title="bbox 148 669 1296 755; baseline -0.002 -22"><span class='ocrx_word' id='word_1_18' title='bbox 148 672 369 737; x_wconf 81' lang='lat' dir='ltr'>aestimatione</span> <span class='ocrx_word' id='word_1_19' title='bbox 398 673 553 755; x_wconf 91' lang='lat' dir='ltr'><strong>septimus</strong></span> <span class='ocrx_word' id='word_1_20' title='bbox 578 672 721 736; x_wconf 88' lang='lat' dir='ltr'><strong>habetur.</strong></span> <span class='ocrx_word' id='word_1_21' title='bbox 751 675 827 735; x_wconf 90' lang='lat' dir='ltr'><strong>tunc</strong></span> <span class='ocrx_word' id='word_1_22' title='bbox 851 690 925 754; x_wconf 85' lang='lat' dir='ltr'><strong>ergo</strong></span> <span class='ocrx_word' id='word_1_23' title='bbox 950 669 1034 734; x_wconf 88' lang='lat' dir='ltr'><strong>sedit</strong></span> <span class='ocrx_word' id='word_1_24' title='bbox 1057 688 1138 741; x_wconf 79' lang='lat' dir='ltr'><strong>arca,</strong></span> <span class='ocrx_word' id='word_1_25' title='bbox 1162 669 1222 733; x_wconf 90' lang='lat' dir='ltr'><strong>hoc</strong></span> <span class='ocrx_word' id='word_1_26' title='bbox 1246 672 1296 732; x_wconf 90' lang='lat' dir='ltr'><strong>est</strong></span> 
     </span>
     <span class='ocr_line' id='line_1_4' title="bbox 149 777 1292 862; baseline -0.001 -22"><span class='ocrx_word' id='word_1_27' title='bbox 149 779 179 841; x_wconf 93' lang='lat' dir='ltr'><strong>in</strong></span> <span class='ocrx_word' id='word_1_28' title='bbox 202 799 309 843; x_wconf 83' lang='lat' dir='ltr'><strong>meuse</strong></span> <span class='ocrx_word' id='word_1_29' title='bbox 334 779 470 860; x_wconf 86' lang='lat' dir='ltr'><strong>septimo</strong></span> <span class='ocrx_word' id='word_1_30' title='bbox 496 779 630 862; x_wconf 88' lang='lat' dir='ltr'><strong>septima</strong></span> <span class='ocrx_word' id='word_1_31' title='bbox 654 782 686 843; x_wconf 91' lang='lat' dir='ltr'><strong>et</strong></span> <span class='ocrx_word' id='word_1_32' title='bbox 709 778 884 843; x_wconf 87' lang='lat' dir='ltr'><strong>uicensima</strong></span> <span class='ocrx_word' id='word_1_33' title='bbox 903 777 1021 841; x_wconf 85' lang='lat' dir='ltr'><strong>mensis</strong></span> <span class='ocrx_word' id='word_1_34' title='bbox 1041 780 1292 857; x_wconf 89' lang='lat' dir='ltr'><strong>supermontem</strong></span> 
     </span>
     <span class='ocr_line' id='line_1_5' title="bbox 148 882 1337 968; baseline -0.006 -19"><span class='ocrx_word' id='word_1_35' title='bbox 148 887 313 968; x_wconf 88' lang='lat' dir='ltr'><strong>†qnarati.</strong></span> <span class='ocrx_word' id='word_1_36' title='bbox 352 906 387 950; x_wconf 86' lang='lat' dir='ltr'><strong>ex</strong></span> <span class='ocrx_word' id='word_1_37' title='bbox 420 886 475 950; x_wconf 89' lang='lat' dir='ltr'><strong>ilio</strong></span> <span class='ocrx_word' id='word_1_38' title='bbox 508 885 609 949; x_wconf 88' lang='lat' dir='ltr'><strong>minui</strong></span> <span class='ocrx_word' id='word_1_39' title='bbox 647 886 803 950; x_wconf 90' lang='lat' dir='ltr'><strong>diluuium</strong></span> <span class='ocrx_word' id='word_1_40' title='bbox 844 884 957 966; x_wconf 89' lang='lat' dir='ltr'><strong>coepit.</strong></span> <span class='ocrx_word' id='word_1_41' title='bbox 997 883 1093 946; x_wconf 90' lang='lat' dir='ltr'><strong>simul</strong></span> <span class='ocrx_word' id='word_1_42' title='bbox 1132 882 1337 947; x_wconf 74' lang='lat' dir='ltr'><strong>consideran</strong></span> 
     </span>
    </p>

    <p class='ocr_par' dir='ltr' id='par_1_3' title="bbox 115 990 1294 1504">
     <span class='ocr_line' id='line_1_6' title="bbox 115 990 1294 1075; baseline -0.003 -20"><span class='ocrx_word' id='word_1_43' title='bbox 115 992 221 1072; x_wconf 78' lang='lat' dir='ltr'><strong>aquia</strong></span> <span class='ocrx_word' id='word_1_44' title='bbox 253 993 354 1057; x_wconf 89' lang='lat' dir='ltr'><strong>isdem</strong></span> <span class='ocrx_word' id='word_1_45' title='bbox 383 993 522 1057; x_wconf 90' lang='lat' dir='ltr'><strong>numeris</strong></span> <span class='ocrx_word' id='word_1_46' title='bbox 551 993 667 1075; x_wconf 91' lang='lat' dir='ltr'><strong>quibus</strong></span> <span class='ocrx_word' id='word_1_47' title='bbox 697 993 804 1075; x_wconf 89' lang='lat' dir='ltr'><strong>aliqua</strong></span> <span class='ocrx_word' id='word_1_48' title='bbox 832 990 987 1073; x_wconf 89' lang='lat' dir='ltr'><strong>incipiunt</strong></span> <span class='ocrx_word' id='word_1_49' title='bbox 1015 990 1228 1065; x_wconf 77' lang='lat' dir='ltr'><strong>resoluuntur,</strong></span> <span class='ocrx_word' id='word_1_50' title='bbox 1258 993 1294 1053; x_wconf 94' lang='lat' dir='ltr'><strong>ut</strong></span> 
     </span>
     <span class='ocr_line' id='line_1_7' title="bbox 147 1096 1293 1181; baseline -0.003 -19"><span class='ocrx_word' id='word_1_51' title='bbox 147 1099 303 1164; x_wconf 88' lang='lat' dir='ltr'><strong>diluuium</strong></span> <span class='ocrx_word' id='word_1_52' title='bbox 338 1101 443 1181; x_wconf 91' lang='lat' dir='ltr'><strong>coepit</strong></span> <span class='ocrx_word' id='word_1_53' title='bbox 476 1101 614 1164; x_wconf 89' lang='lat' dir='ltr'><strong>secundo</strong></span> <span class='ocrx_word' id='word_1_54' title='bbox 648 1119 757 1164; x_wconf 89' lang='lat' dir='ltr'><strong>manse</strong></span> <span class='ocrx_word' id='word_1_55' title='bbox 790 1100 861 1163; x_wconf 91' lang='lat' dir='ltr'><strong>anui</strong></span> <span class='ocrx_word' id='word_1_56' title='bbox 895 1098 1032 1181; x_wconf 87' lang='lat' dir='ltr'><strong>septima</strong></span> <span class='ocrx_word' id='word_1_57' title='bbox 1060 1102 1092 1161; x_wconf 93' lang='lat' dir='ltr'><strong>et</strong></span> <span class='ocrx_word' id='word_1_58' title='bbox 1119 1096 1293 1160; x_wconf 87' lang='lat' dir='ltr'><strong>uicensima</strong></span> 
     </span>
     <span class='ocr_line' id='line_1_8' title="bbox 146 1204 1291 1291; baseline -0.003 -22"><span class='ocrx_word' id='word_1_59' title='bbox 146 1207 275 1279; x_wconf 81' lang='lat' dir='ltr'><strong>mensis,</strong></span> <span class='ocrx_word' id='word_1_60' title='bbox 300 1210 427 1271; x_wconf 90' lang='lat' dir='ltr'><strong>centum</strong></span> <span class='ocrx_word' id='word_1_61' title='bbox 452 1208 679 1291; x_wconf 75' lang='lat' dir='ltr'><strong>quinquaginta</strong></span> <span class='ocrx_word' id='word_1_62' title='bbox 699 1207 811 1271; x_wconf 93' lang='lat' dir='ltr'><strong>diebus</strong></span> <span class='ocrx_word' id='word_1_63' title='bbox 831 1206 956 1270; x_wconf 82' lang='lat' dir='ltr'><strong>intinxit</strong></span> <span class='ocrx_word' id='word_1_64' title='bbox 975 1204 1144 1278; x_wconf 84' lang='lat' dir='ltr'><strong>diluuium,</strong></span> <span class='ocrx_word' id='word_1_65' title='bbox 1164 1207 1291 1267; x_wconf 87' lang='lat' dir='ltr'><strong>centum</strong></span> 
     </span>
     <span class='ocr_line' id='line_1_9' title="bbox 146 1310 1291 1396; baseline -0.002 -20"><span class='ocrx_word' id='word_1_66' title='bbox 146 1313 375 1396; x_wconf 79' lang='lat' dir='ltr'><strong>quinquaginta</strong></span> <span class='ocrx_word' id='word_1_67' title='bbox 398 1313 509 1378; x_wconf 91' lang='lat' dir='ltr'><strong>diebus</strong></span> <span class='ocrx_word' id='word_1_68' title='bbox 534 1314 604 1377; x_wconf 88' lang='lat' dir='ltr'><strong>aliis</strong></span> <span class='ocrx_word' id='word_1_69' title='bbox 630 1316 727 1379; x_wconf 84' lang='lat' dir='ltr'><strong>cessit</strong></span> <span class='ocrx_word' id='word_1_70' title='bbox 749 1314 918 1389; x_wconf 85' lang='lat' dir='ltr'><strong>diluuium,</strong></span> <span class='ocrx_word' id='word_1_71' title='bbox 943 1312 1152 1395; x_wconf 87' lang='lat' dir='ltr'><strong>quadraginta</strong></span> <span class='ocrx_word' id='word_1_72' title='bbox 1179 1310 1291 1376; x_wconf 90' lang='lat' dir='ltr'><strong>diebus</strong></span> 
     </span>
     <span class='ocr_line' id='line_1_10' title="bbox 145 1419 1291 1504; baseline -0.002 -21"><span class='ocrx_word' id='word_1_73' title='bbox 145 1421 242 1484; x_wconf 89' lang='lat' dir='ltr'><strong>nimia</strong></span> <span class='ocrx_word' id='word_1_74' title='bbox 275 1421 324 1485; x_wconf 87' lang='lat' dir='ltr'><strong>nis</strong></span> <span class='ocrx_word' id='word_1_75' title='bbox 358 1420 488 1486; x_wconf 85' lang='lat' dir='ltr'><strong>caelesti</strong></span> <span class='ocrx_word' id='word_1_76' title='bbox 520 1422 620 1485; x_wconf 90' lang='lat' dir='ltr'><strong>imbre</strong></span> <span class='ocrx_word' id='word_1_77' title='bbox 654 1427 686 1485; x_wconf 87' lang='lat' dir='ltr'><strong>et</strong></span> <span class='ocrx_word' id='word_1_78' title='bbox 717 1422 853 1486; x_wconf 86' lang='lat' dir='ltr'><strong>fontium</strong></span> <span class='ocrx_word' id='word_1_79' title='bbox 887 1421 1049 1504; x_wconf 89' lang='lat' dir='ltr'><strong>eruptione</strong></span> <span class='ocrx_word' id='word_1_80' title='bbox 1084 1419 1291 1492; x_wconf 84' lang='lat' dir='ltr'><strong>ernestuauit,</strong></span> 
     </span>
    </p>

    <p class='ocr_par' dir='ltr' id='par_1_4' title="bbox 100 1515 1336 2019">
     <span class='ocr_line' id='line_1_11' title="bbox 100 1515 1291 1611; baseline 0.003 -25"><span class='ocrx_word' id='word_1_81' title='bbox 100 1549 126 1587; x_wconf 82' lang='grc' dir='ltr'><strong>ιο</strong></span> <span class='ocrx_word' id='word_1_82' title='bbox 146 1527 353 1611; x_wconf 85' lang='lat' dir='ltr'><strong>qnadraginta</strong></span> <span class='ocrx_word' id='word_1_83' title='bbox 386 1528 498 1591; x_wconf 90' lang='lat' dir='ltr'><strong>diebus</strong></span> <span class='ocrx_word' id='word_1_84' title='bbox 532 1528 602 1592; x_wconf 89' lang='lat' dir='ltr'><strong>aliis</strong></span> <span class='ocrx_word' id='word_1_85' title='bbox 636 1530 763 1604; x_wconf 84' lang='lat' dir='ltr'><strong>exactis,</strong></span> <span class='ocrx_word' id='word_1_86' title='bbox 791 1515 961 1611; x_wconf 87' lang='lat' dir='ltr'><strong>postquam</strong></span> <span class='ocrx_word' id='word_1_87' title='bbox 989 1528 1060 1590; x_wconf 89' lang='lat' dir='ltr'><strong>uisa</strong></span> <span class='ocrx_word' id='word_1_88' title='bbox 1087 1533 1161 1590; x_wconf 91' lang='lat' dir='ltr'><strong>sunt</strong></span> <span class='ocrx_word' id='word_1_89' title='bbox 1189 1526 1291 1607; x_wconf 89' lang='lat' dir='ltr'><strong>capita</strong></span> 
     </span>
     <span class='ocr_line' id='line_1_12' title="bbox 146 1633 1336 1718; baseline -0.007 -22"><span class='ocrx_word' id='word_1_90' title='bbox 146 1634 312 1712; x_wconf 84' lang='lat' dir='ltr'><strong>montium,</strong></span> <span class='ocrx_word' id='word_1_91' title='bbox 340 1635 507 1700; x_wconf 90' lang='lat' dir='ltr'><strong>undecimo</strong></span> <span class='ocrx_word' id='word_1_92' title='bbox 537 1655 643 1699; x_wconf 91' lang='lat' dir='ltr'><strong>mense</strong></span> <span class='ocrx_word' id='word_1_93' title='bbox 672 1636 773 1718; x_wconf 91' lang='lat' dir='ltr'><strong>prima</strong></span> <span class='ocrx_word' id='word_1_94' title='bbox 797 1636 846 1699; x_wconf 94' lang='lat' dir='ltr'><strong>die</strong></span> <span class='ocrx_word' id='word_1_95' title='bbox 869 1635 988 1699; x_wconf 87' lang='lat' dir='ltr'><strong>mensis</strong></span> <span class='ocrx_word' id='word_1_96' title='bbox 1013 1633 1137 1697; x_wconf 86' lang='lat' dir='ltr'><strong>dimisit</strong></span> <span class='ocrx_word' id='word_1_97' title='bbox 1160 1651 1289 1696; x_wconf 88' lang='lat' dir='ltr'><strong>coruum</strong></span> <span class='ocrx_word' id='word_1_98' title='bbox 1315 1636 1336 1688; x_wconf 82' lang='grc' dir='ltr'>Ε</span> 
     </span>
     <span class='ocr_line' id='line_1_13' title="bbox 145 1741 1292 1823; baseline -0.002 -19"><span class='ocrx_word' id='word_1_99' title='bbox 145 1745 274 1804; x_wconf 90' lang='lat' dir='ltr'><strong>sanctus</strong></span> <span class='ocrx_word' id='word_1_100' title='bbox 302 1742 381 1807; x_wconf 90' lang='lat' dir='ltr'><strong>Noe.</strong></span> <span class='ocrx_word' id='word_1_101' title='bbox 414 1742 459 1806; x_wconf 91' lang='lat' dir='ltr'><strong>ita</strong></span> <span class='ocrx_word' id='word_1_102' title='bbox 487 1747 613 1807; x_wconf 86' lang='lat' dir='ltr'><strong>constat</strong></span> <span class='ocrx_word' id='word_1_103' title='bbox 640 1742 750 1807; x_wconf 92' lang='lat' dir='ltr'><strong>eodem</strong></span> <span class='ocrx_word' id='word_1_104' title='bbox 779 1762 908 1807; x_wconf 88' lang='lat' dir='ltr'><strong>numero</strong></span> <span class='ocrx_word' id='word_1_105' title='bbox 933 1760 994 1823; x_wconf 91' lang='lat' dir='ltr'><strong>qno</strong></span> <span class='ocrx_word' id='word_1_106' title='bbox 1019 1741 1217 1805; x_wconf 89' lang='lat' dir='ltr'><strong>cumulatum</strong></span> <span class='ocrx_word' id='word_1_107' title='bbox 1243 1744 1292 1803; x_wconf 90' lang='lat' dir='ltr'><strong>est</strong></span> 
     </span>
     <span class='ocr_line' id='line_1_14' title="bbox 144 1846 1289 1930; baseline -0.003 -19"><span class='ocrx_word' id='word_1_108' title='bbox 144 1847 303 1912; x_wconf 88' lang='lat' dir='ltr'><strong>diluuium</strong></span> <span class='ocrx_word' id='word_1_109' title='bbox 327 1868 398 1912; x_wconf 88' lang='lat' dir='ltr'><strong>esse</strong></span> <span class='ocrx_word' id='word_1_110' title='bbox 425 1849 627 1912; x_wconf 87' lang='lat' dir='ltr'><strong>inminutum.</strong></span> <span class='ocrx_word' id='word_1_111' title='bbox 661 1850 743 1914; x_wconf 92' lang='lat' dir='ltr'><strong>unde</strong></span> <span class='ocrx_word' id='word_1_112' title='bbox 773 1850 864 1914; x_wconf 88' lang='lat' dir='ltr'><strong>docet</strong></span> <span class='ocrx_word' id='word_1_113' title='bbox 887 1868 944 1913; x_wconf 93' lang='lat' dir='ltr'><strong>nos</strong></span> <span class='ocrx_word' id='word_1_114' title='bbox 968 1847 1124 1930; x_wconf 89' lang='lat' dir='ltr'><strong>scriptura</strong></span> <span class='ocrx_word' id='word_1_115' title='bbox 1149 1846 1289 1911; x_wconf 87' lang='lat' dir='ltr'><strong>ordinem</strong></span> 
     </span>
     <span class='ocr_line' id='line_1_15' title="bbox 143 1956 438 2019; baseline 0.007 -2"><span class='ocrx_word' id='word_1_116' title='bbox 143 1973 213 2018; x_wconf 90' lang='lat' dir='ltr'><strong>esse</strong></span> <span class='ocrx_word' id='word_1_117' title='bbox 238 1956 438 2019; x_wconf 87' lang='lat' dir='ltr'><strong>seruandum.</strong></span> 
     </span>
    </p>

    <p class='ocr_par' dir='ltr' id='par_1_5' title="bbox 49 2058 1332 2572">
     <span class='ocr_line' id='line_1_16' title="bbox 49 2058 1289 2144; baseline 0.001 -23"><span class='ocrx_word' id='word_1_118' title='bbox 49 2058 91 2121; x_wconf 89' lang='grc'><strong>61</strong></span> <span class='ocrx_word' id='word_1_119' title='bbox 112 2083 137 2121; x_wconf 74' lang='lat' dir='ltr'><strong>aa</strong></span> <span class='ocrx_word' id='word_1_120' title='bbox 189 2061 281 2141; x_wconf 83' lang='lat' dir='ltr'><strong>Quod</strong></span> <span class='ocrx_word' id='word_1_121' title='bbox 305 2069 412 2127; x_wconf 89' lang='lat' dir='ltr'><strong>autem</strong></span> <span class='ocrx_word' id='word_1_122' title='bbox 437 2064 555 2127; x_wconf 90' lang='lat' dir='ltr'><strong>ostium</strong></span> <span class='ocrx_word' id='word_1_123' title='bbox 581 2083 670 2128; x_wconf 91' lang='lat' dir='ltr'><strong>arcae</strong></span> <span class='ocrx_word' id='word_1_124' title='bbox 695 2064 746 2141; x_wconf 84' lang='lat' dir='ltr'><strong>sit,</strong></span> <span class='ocrx_word' id='word_1_125' title='bbox 771 2063 856 2144; x_wconf 90' lang='lat' dir='ltr'><strong>quod</strong></span> <span class='ocrx_word' id='word_1_126' title='bbox 884 2063 1008 2144; x_wconf 90' lang='lat' dir='ltr'><strong>aperuit</strong></span> <span class='ocrx_word' id='word_1_127' title='bbox 1034 2061 1150 2133; x_wconf 89' lang='lat' dir='ltr'><strong>iustus,</strong></span> <span class='ocrx_word' id='word_1_128' title='bbox 1179 2077 1289 2123; x_wconf 90' lang='lat' dir='ltr'><strong>secun-</strong></span> 
     </span>
     <span class='ocr_line' id='line_1_17' title="bbox 144 2166 1286 2252; baseline -0.002 -22"><span class='ocrx_word' id='word_1_129' title='bbox 144 2169 218 2232; x_wconf 90' lang='lat' dir='ltr'><strong>dum</strong></span> <span class='ocrx_word' id='word_1_130' title='bbox 244 2170 383 2251; x_wconf 91' lang='lat' dir='ltr'><strong>corporis</strong></span> <span class='ocrx_word' id='word_1_131' title='bbox 408 2170 561 2234; x_wconf 91' lang='lat' dir='ltr'><strong>rationem</strong></span> <span class='ocrx_word' id='word_1_132' title='bbox 586 2190 681 2252; x_wconf 84' lang='lat' dir='ltr'><strong>supra</strong></span> <span class='ocrx_word' id='word_1_133' title='bbox 705 2170 825 2234; x_wconf 89' lang='lat' dir='ltr'><strong>dictum</strong></span> <span class='ocrx_word' id='word_1_134' title='bbox 850 2173 909 2233; x_wconf 90' lang='lat' dir='ltr'><strong>est.</strong></span> <span class='ocrx_word' id='word_1_135' title='bbox 940 2168 1113 2233; x_wconf 88' lang='lat' dir='ltr'><strong>secundum</strong></span> <span class='ocrx_word' id='word_1_136' title='bbox 1143 2166 1286 2230; x_wconf 88' lang='lat' dir='ltr'><strong>altiorem</strong></span> 
     </span>
     <span class='ocr_line' id='line_1_18' title="bbox 143 2274 1288 2358; baseline 0 -21"><span class='ocrx_word' id='word_1_137' title='bbox 143 2280 250 2338; x_wconf 83' lang='lat' dir='ltr'><strong>antem</strong></span> <span class='ocrx_word' id='word_1_138' title='bbox 278 2275 569 2358; x_wconf 85' lang='lat' dir='ltr'><strong>interpretationem</strong></span> <span class='ocrx_word' id='word_1_139' title='bbox 592 2276 673 2340; x_wconf 90' lang='lat' dir='ltr'><strong>illud</strong></span> <span class='ocrx_word' id='word_1_140' title='bbox 698 2276 864 2341; x_wconf 89' lang='lat' dir='ltr'><strong>dicendum</strong></span> <span class='ocrx_word' id='word_1_141' title='bbox 890 2274 1026 2352; x_wconf 70' lang='lat' dir='ltr'><strong>uidetur,</strong></span> <span class='ocrx_word' id='word_1_142' title='bbox 1052 2274 1126 2356; x_wconf 91' lang='lat' dir='ltr'><strong>quia</strong></span> <span class='ocrx_word' id='word_1_143' title='bbox 1148 2274 1288 2356; x_wconf 91' lang='lat' dir='ltr'><strong>corporis</strong></span> 
     </span>
     <span class='ocr_line' id='line_1_19' title="bbox 143 2382 1286 2478; baseline -0.002 -34"><span class='ocrx_word' id='word_1_144' title='bbox 143 2401 255 2446; x_wconf 90' lang='lat' dir='ltr'><strong>sensus</strong></span> <span class='ocrx_word' id='word_1_145' title='bbox 273 2384 363 2446; x_wconf 90' lang='lat' dir='ltr'><strong>uelut</strong></span> <span class='ocrx_word' id='word_1_146' title='bbox 377 2383 531 2447; x_wconf 86' lang='lat' dir='ltr'><strong>ostiorum</strong></span> <span class='ocrx_word' id='word_1_147' title='bbox 547 2383 668 2447; x_wconf 87' lang='lat' dir='ltr'><strong>similes</strong></span> <span class='ocrx_word' id='word_1_148' title='bbox 688 2383 852 2447; x_wconf 88' lang='lat' dir='ltr'><strong>habentur.</strong></span> <span class='ocrx_word' id='word_1_149' title='bbox 872 2402 928 2466; x_wconf 86' lang='lat' dir='ltr'><strong>per</strong></span> <span class='ocrx_word' id='word_1_150' title='bbox 945 2383 1004 2446; x_wconf 89' lang='lat' dir='ltr'><strong>hos</strong></span> <span class='ocrx_word' id='word_1_151' title='bbox 1016 2382 1107 2478; x_wconf 61' lang='lat' dir='ltr'><strong>¹enim</strong></span> <span class='ocrx_word' id='word_1_152' title='bbox 1125 2387 1286 2462; x_wconf 88' lang='lat' dir='ltr'><strong>tamquam</strong></span> 
     </span>
     <span class='ocr_line' id='line_1_20' title="bbox 143 2488 1332 2572; baseline -0.001 -21"><span class='ocrx_word' id='word_1_153' title='bbox 143 2508 198 2569; x_wconf 89' lang='lat' dir='ltr'><strong>per</strong></span> <span class='ocrx_word' id='word_1_154' title='bbox 225 2488 308 2552; x_wconf 90' lang='lat' dir='ltr'><strong>ostia</strong></span> <span class='ocrx_word' id='word_1_155' title='bbox 331 2489 507 2572; x_wconf 84' lang='lat' dir='ltr'><strong>ingreditur</strong></span> <span class='ocrx_word' id='word_1_156' title='bbox 535 2491 566 2553; x_wconf 94' lang='lat' dir='ltr'><strong>in</strong></span> <span class='ocrx_word' id='word_1_157' title='bbox 590 2494 730 2555; x_wconf 89' lang='lat' dir='ltr'><strong>nostram</strong></span> <span class='ocrx_word' id='word_1_158' title='bbox 751 2496 886 2555; x_wconf 89' lang='lat' dir='ltr'><strong>mentem</strong></span> <span class='ocrx_word' id='word_1_159' title='bbox 907 2492 997 2554; x_wconf 89' lang='lat' dir='ltr'><strong>uelut</strong></span> <span class='ocrx_word' id='word_1_160' title='bbox 1016 2488 1169 2570; x_wconf 90' lang='lat' dir='ltr'><strong>quaedam</strong></span> <span class='ocrx_word' id='word_1_161' title='bbox 1190 2488 1287 2551; x_wconf 91' lang='lat' dir='ltr'><strong>sensi·</strong></span> <span class='ocrx_word' id='word_1_162' title='bbox 1311 2488 1332 2541; x_wconf 77' lang='lat' dir='ltr'><strong>F</strong></span> 
     </span>
    </p>

    <p class='ocr_par' dir='ltr' id='par_1_6' title="bbox 95 2595 1288 3320">
     <span class='ocr_line' id='line_1_21' title="bbox 96 2595 1288 2679; baseline 0.003 -25"><span class='ocrx_word' id='word_1_163' title='bbox 96 2619 123 2656; x_wconf 74' lang='lat' dir='ltr'><strong>ao</strong></span> <span class='ocrx_word' id='word_1_164' title='bbox 142 2595 255 2659; x_wconf 92' lang='lat' dir='ltr'><strong>bilinm</strong></span> <span class='ocrx_word' id='word_1_165' title='bbox 270 2595 506 2677; x_wconf 85' lang='lat' dir='ltr'><strong>conprehensio.</strong></span> <span class='ocrx_word' id='word_1_166' title='bbox 528 2616 602 2679; x_wconf 83' lang='lat' dir='ltr'><strong>ergo</strong></span> <span class='ocrx_word' id='word_1_167' title='bbox 617 2617 705 2662; x_wconf 88' lang='lat' dir='ltr'><strong>ruens</strong></span> <span class='ocrx_word' id='word_1_168' title='bbox 725 2601 832 2662; x_wconf 87' lang='lat' dir='ltr'><strong>nostra</strong></span> <span class='ocrx_word' id='word_1_169' title='bbox 851 2617 904 2679; x_wconf 91' lang='lat' dir='ltr'><strong>per</strong></span> <span class='ocrx_word' id='word_1_170' title='bbox 923 2597 981 2661; x_wconf 90' lang='lat' dir='ltr'><strong>hos</strong></span> <span class='ocrx_word' id='word_1_171' title='bbox 1001 2615 1113 2660; x_wconf 87' lang='lat' dir='ltr'><strong>sensns</strong></span> <span class='ocrx_word' id='word_1_172' title='bbox 1132 2596 1288 2678; x_wconf 86' lang='lat' dir='ltr'><strong>respicere</strong></span> 
     </span>
     <span class='ocr_line' id='line_1_22' title="bbox 144 2702 1287 2786; baseline 0 -21"><span class='ocrx_word' id='word_1_173' title='bbox 144 2702 269 2766; x_wconf 90' lang='lat' dir='ltr'><strong>uidetur</strong></span> <span class='ocrx_word' id='word_1_174' title='bbox 293 2708 325 2766; x_wconf 88' lang='grc'><strong>11</strong></span> <span class='ocrx_word' id='word_1_175' title='bbox 349 2703 482 2767; x_wconf 82' lang='lat' dir='ltr'><strong>maxime</strong></span> <span class='ocrx_word' id='word_1_176' title='bbox 507 2723 562 2786; x_wconf 89' lang='lat' dir='ltr'><strong>per</strong></span> <span class='ocrx_word' id='word_1_177' title='bbox 586 2705 754 2781; x_wconf 85' lang='lat' dir='ltr'><strong>uisionem,</strong></span> <span class='ocrx_word' id='word_1_178' title='bbox 778 2724 859 2786; x_wconf 88' lang='lat' dir='ltr'><strong>quae</strong></span> <span class='ocrx_word' id='word_1_179' title='bbox 884 2704 1030 2768; x_wconf 91' lang='lat' dir='ltr'><strong>omnibus</strong></span> <span class='ocrx_word' id='word_1_180' title='bbox 1055 2703 1202 2767; x_wconf 87' lang='lat' dir='ltr'><strong>sensibus</strong></span> <span class='ocrx_word' id='word_1_181' title='bbox 1222 2721 1287 2766; x_wconf 93' lang='lat' dir='ltr'><strong>cor-</strong></span> 
     </span>
     <span class='ocr_line' id='line_1_23' title="bbox 142 2807 1288 2891; baseline 0.004 -21"><span class='ocrx_word' id='word_1_182' title='bbox 142 2808 227 2890; x_wconf 91' lang='lat' dir='ltr'><strong>poris</strong></span> <span class='ocrx_word' id='word_1_183' title='bbox 250 2807 472 2889; x_wconf 85' lang='lat' dir='ltr'><strong>praestabitior</strong></span> <span class='ocrx_word' id='word_1_184' title='bbox 495 2809 691 2886; x_wconf 85' lang='lat' dir='ltr'><strong>aestimatur,</strong></span> <span class='ocrx_word' id='word_1_185' title='bbox 716 2810 791 2891; x_wconf 90' lang='lat' dir='ltr'><strong>qnia</strong></span> <span class='ocrx_word' id='word_1_186' title='bbox 819 2810 994 2874; x_wconf 89' lang='lat' dir='ltr'><strong>domestica</strong></span> <span class='ocrx_word' id='word_1_187' title='bbox 1021 2814 1071 2874; x_wconf 88' lang='lat' dir='ltr'><strong>est</strong></span> <span class='ocrx_word' id='word_1_188' title='bbox 1097 2810 1228 2874; x_wconf 89' lang='lat' dir='ltr'><strong>luminis</strong></span> <span class='ocrx_word' id='word_1_189' title='bbox 1256 2816 1288 2875; x_wconf 89' lang='lat' dir='ltr'><strong>et</strong></span> 
     </span>
     <span class='ocr_line' id='line_1_24' title="bbox 142 2914 1286 3000; baseline 0.004 -23"><span class='ocrx_word' id='word_1_190' title='bbox 142 2934 196 2996; x_wconf 91' lang='lat' dir='ltr'><strong>per</strong></span> <span class='ocrx_word' id='word_1_191' title='bbox 228 2934 295 2978; x_wconf 87' lang='lat' dir='ltr'><strong>eam</strong></span> <span class='ocrx_word' id='word_1_192' title='bbox 330 2914 520 2996; x_wconf 88' lang='lat' dir='ltr'><strong>aspicientes</strong></span> <span class='ocrx_word' id='word_1_193' title='bbox 553 2917 675 2980; x_wconf 85' lang='lat' dir='ltr'><strong>caelum</strong></span> <span class='ocrx_word' id='word_1_194' title='bbox 714 2919 829 2980; x_wconf 91' lang='lat' dir='ltr'><strong>terram</strong></span> <span class='ocrx_word' id='word_1_195' title='bbox 866 2918 974 2994; x_wconf 81' lang='lat' dir='ltr'><strong>maria,</strong></span> <span class='ocrx_word' id='word_1_196' title='bbox 1012 2918 1112 2982; x_wconf 89' lang='lat' dir='ltr'><strong>solem</strong></span> <span class='ocrx_word' id='word_1_197' title='bbox 1151 2938 1286 3000; x_wconf 87' lang='lat' dir='ltr'><strong>quoque,</strong></span> 
     </span>
     <span class='ocr_line' id='line_1_25' title="bbox 141 3020 1286 3107; baseline 0.006 -25"><span class='ocrx_word' id='word_1_198' title='bbox 141 3020 248 3085; x_wconf 89' lang='lat' dir='ltr'><strong>lunam</strong></span> <span class='ocrx_word' id='word_1_199' title='bbox 272 3025 305 3085; x_wconf 90' lang='lat' dir='ltr'><strong>et</strong></span> <span class='ocrx_word' id='word_1_200' title='bbox 328 3021 439 3085; x_wconf 83' lang='lat' dir='ltr'><strong>stellas</strong></span> <span class='ocrx_word' id='word_1_201' title='bbox 465 3022 582 3103; x_wconf 85' lang='lat' dir='ltr'><strong>quibus</strong></span> <span class='ocrx_word' id='word_1_202' title='bbox 606 3023 671 3086; x_wconf 82' lang='lat' dir='ltr'><strong>aris</strong></span> <span class='ocrx_word' id='word_1_203' title='bbox 696 3025 824 3087; x_wconf 89' lang='lat' dir='ltr'><strong>ornatur</strong></span> <span class='ocrx_word' id='word_1_204' title='bbox 847 3023 1064 3107; x_wconf 83' lang='lat' dir='ltr'><strong>intellegimus</strong></span> <span class='ocrx_word' id='word_1_205' title='bbox 1094 3024 1188 3089; x_wconf 90' lang='lat' dir='ltr'><strong>deum</strong></span> <span class='ocrx_word' id='word_1_206' title='bbox 1217 3045 1286 3090; x_wconf 91' lang='lat' dir='ltr'><strong>esse</strong></span> 
     </span>
     <span class='ocr_line' id='line_1_26' title="bbox 95 3129 1287 3211; baseline 0.008 -24"><span class='ocrx_word' id='word_1_207' title='bbox 95 3147 122 3187; x_wconf 76' lang='lat'><strong>2⁵</strong></span> <span class='ocrx_word' id='word_1_208' title='bbox 142 3131 338 3209; x_wconf 87' lang='lat' dir='ltr'><strong>operatorem</strong></span> <span class='ocrx_word' id='word_1_209' title='bbox 363 3129 472 3191; x_wconf 92' lang='lat' dir='ltr'><strong>mundi</strong></span> <span class='ocrx_word' id='word_1_210' title='bbox 497 3135 591 3211; x_wconf 89' lang='lat' dir='ltr'><strong>atque</strong></span> <span class='ocrx_word' id='word_1_211' title='bbox 615 3134 769 3194; x_wconf 87' lang='lat' dir='ltr'><strong>rectorem</strong></span> <span class='ocrx_word' id='word_1_212' title='bbox 796 3149 853 3193; x_wconf 92' lang='lat' dir='ltr'><strong>nec</strong></span> <span class='ocrx_word' id='word_1_213' title='bbox 881 3132 949 3195; x_wconf 92' lang='lat' dir='ltr'><strong>sine</strong></span> <span class='ocrx_word' id='word_1_214' title='bbox 977 3135 1105 3196; x_wconf 90' lang='lat' dir='ltr'><strong>auctore</strong></span> <span class='ocrx_word' id='word_1_215' title='bbox 1133 3132 1190 3197; x_wconf 87' lang='lat' dir='ltr'><strong>deo</strong></span> <span class='ocrx_word' id='word_1_216' title='bbox 1219 3136 1287 3196; x_wconf 90' lang='lat' dir='ltr'><strong>tan-</strong></span> 
     </span>
     <span class='ocr_line' id='line_1_27' title="bbox 141 3235 1288 3320; baseline 0.006 -24"><span class='ocrx_word' id='word_1_217' title='bbox 141 3237 309 3316; x_wconf 90' lang='lat' dir='ltr'><strong>torumque</strong></span> <span class='ocrx_word' id='word_1_218' title='bbox 333 3254 463 3316; x_wconf 90' lang='lat' dir='ltr'><strong>operum</strong></span> <span class='ocrx_word' id='word_1_219' title='bbox 487 3235 647 3299; x_wconf 86' lang='lat' dir='ltr'><strong>conditore</strong></span> <span class='ocrx_word' id='word_1_220' title='bbox 675 3235 752 3300; x_wconf 87' lang='lat' dir='ltr'><strong>baec</strong></span> <span class='ocrx_word' id='word_1_221' title='bbox 780 3238 922 3320; x_wconf 87' lang='lat' dir='ltr'><strong>potuisse</strong></span> <span class='ocrx_word' id='word_1_222' title='bbox 951 3238 1017 3301; x_wconf 86' lang='lat' dir='ltr'><strong>fieri</strong></span> <span class='ocrx_word' id='word_1_223' title='bbox 1045 3238 1203 3302; x_wconf 86' lang='lat' dir='ltr'><strong>credimus</strong></span> <span class='ocrx_word' id='word_1_224' title='bbox 1232 3245 1288 3304; x_wconf 90' lang='lat' dir='ltr'><strong>aut</strong></span> 
     </span>
    </p>
   </div>
   <div class='ocr_carea' id='block_1_3' title="bbox 230 3478 1285 3547">
    <p class='ocr_par' dir='ltr' id='par_1_7' title="bbox 230 3478 1285 3547">
     <span class='ocr_line' id='line_1_28' title="bbox 230 3478 1285 3547; baseline 0.004 -15"><span class='ocrx_word' id='word_1_225' title='bbox 230 3481 246 3532; x_wconf 82' lang='lat'><strong>2</strong></span> <span class='ocrx_word' id='word_1_226' title='bbox 266 3478 334 3535; x_wconf 86' lang='lat' dir='ltr'><strong>Gen.</strong></span> <span class='ocrx_word' id='word_1_227' title='bbox 354 3480 379 3544; x_wconf 87' lang='grc'><strong>8,</strong></span> <span class='ocrx_word' id='word_1_228' title='bbox 398 3481 415 3532; x_wconf 79' lang='lat'><strong>4</strong></span> <span class='ocrx_word' id='word_1_229' title='bbox 473 3481 504 3533; x_wconf 82' lang='lat'><strong>15</strong></span> <span class='ocrx_word' id='word_1_230' title='bbox 525 3479 591 3534; x_wconf 83' lang='lat' dir='ltr'><strong>Gen.</strong></span> <span class='ocrx_word' id='word_1_231' title='bbox 611 3482 636 3542; x_wconf 78' lang='grc'><strong>8,</strong></span> <span class='ocrx_word' id='word_1_232' title='bbox 656 3482 673 3533; x_wconf 94' lang='grc'><strong>6</strong></span> <span class='ocrx_word' id='word_1_233' title='bbox 692 3481 771 3535; x_wconf 88' lang='lat' dir='ltr'><strong>Philo</strong></span> <span class='ocrx_word' id='word_1_234' title='bbox 792 3482 902 3547; x_wconf 81' lang='lat' dir='ltr'><strong>Quaest.</strong></span> <span class='ocrx_word' id='word_1_235' title='bbox 923 3483 949 3535; x_wconf 88' lang='lat'><strong>11</strong></span> <span class='ocrx_word' id='word_1_236' title='bbox 969 3484 1004 3537; x_wconf 79' lang='lat'><strong>34</strong></span> <span class='ocrx_word' id='word_1_237' title='bbox 1061 3485 1092 3536; x_wconf 89' lang='grc'><strong>16</strong></span> <span class='ocrx_word' id='word_1_238' title='bbox 1113 3484 1145 3536; x_wconf 82' lang='lat' dir='ltr'><strong>cf.</strong></span> <span class='ocrx_word' id='word_1_239' title='bbox 1165 3487 1231 3536; x_wconf 83' lang='lat' dir='ltr'><strong>suet.</strong></span> <span class='ocrx_word' id='word_1_240' title='bbox 1251 3485 1285 3536; x_wconf 74' lang='lat'><strong>&#39;24</strong></span> 
     </span>
    </p>
   </div>
   <div class='ocr_carea' id='block_1_4' title="bbox 138 3602 1286 4029">
    <p class='ocr_par' dir='ltr' id='par_1_8' title="bbox 138 3602 1286 4029">
     <span class='ocr_line' id='line_1_29' title="bbox 179 3602 1283 3670; baseline 0.008 -16"><span class='ocrx_word' id='word_1_241' title='bbox 179 3603 280 3670; x_wconf 87' lang='lat' dir='ltr'><strong>lquia</strong></span> <span class='ocrx_word' id='word_1_242' title='bbox 299 3602 420 3657; x_wconf 84' lang='lat' dir='ltr'><em>DNCM</em></span> <span class='ocrx_word' id='word_1_243' title='bbox 508 3605 577 3657; x_wconf 87' lang='grc'><strong>311</strong></span> <span class='ocrx_word' id='word_1_244' title='bbox 599 3606 624 3657; x_wconf 82' lang='grc' dir='ltr'><em>Τ</em></span> <span class='ocrx_word' id='word_1_245' title='bbox 645 3622 696 3658; x_wconf 86' lang='lat' dir='ltr'><strong>orn.</strong></span> <span class='ocrx_word' id='word_1_246' title='bbox 721 3611 767 3661; x_wconf 83' lang='lat' dir='ltr'><strong>cet.</strong></span> <span class='ocrx_word' id='word_1_247' title='bbox 878 3605 1217 3660; x_wconf 80' lang='lat' dir='ltr'><strong>uicensimaPuicesirna</strong></span> <span class='ocrx_word' id='word_1_248' title='bbox 1236 3614 1283 3664; x_wconf 84' lang='lat' dir='ltr'><strong>cet.</strong></span> 
     </span>
     <span class='ocr_line' id='line_1_30' title="bbox 139 3691 1284 3763; baseline 0.007 -20"><span class='ocrx_word' id='word_1_249' title='bbox 139 3692 155 3742; x_wconf 79' lang='lat'>4</span> <span class='ocrx_word' id='word_1_250' title='bbox 175 3693 283 3760; x_wconf 83' lang='lat' dir='ltr'><strong>quarati</strong></span> <span class='ocrx_word' id='word_1_251' title='bbox 303 3692 356 3744; x_wconf 87' lang='lat' dir='ltr'><strong>PB</strong></span> <span class='ocrx_word' id='word_1_252' title='bbox 376 3691 482 3761; x_wconf 88' lang='lat' dir='ltr'><strong>qnando</strong></span> <span class='ocrx_word' id='word_1_253' title='bbox 506 3693 602 3762; x_wconf 79' lang='lat' dir='ltr'><strong>Tque</strong></span> <span class='ocrx_word' id='word_1_254' title='bbox 621 3695 725 3747; x_wconf 85' lang='lat' dir='ltr'><strong>ratione</strong></span> <span class='ocrx_word' id='word_1_255' title='bbox 748 3694 778 3747; x_wconf 83' lang='lat' dir='ltr'><strong>T·</strong></span> <span class='ocrx_word' id='word_1_256' title='bbox 803 3694 927 3763; x_wconf 87' lang='lat' dir='ltr'><strong>quadrati</strong></span> <span class='ocrx_word' id='word_1_257' title='bbox 951 3700 997 3750; x_wconf 82' lang='lat' dir='ltr'><strong>eet.</strong></span> <span class='ocrx_word' id='word_1_258' title='bbox 1017 3693 1115 3748; x_wconf 81' lang='lat' dir='ltr'><strong>Ararat</strong></span> <span class='ocrx_word' id='word_1_259' title='bbox 1134 3696 1174 3749; x_wconf 83' lang='lat' dir='ltr'><strong>ed.</strong></span> <span class='ocrx_word' id='word_1_260' title='bbox 1194 3695 1284 3756; x_wconf 75' lang='lat' dir='ltr'><strong>Rene..</strong></span> 
     </span>
     <span class='ocr_line' id='line_1_31' title="bbox 138 3780 1286 3854; baseline 0.004 -20"><span class='ocrx_word' id='word_1_261' title='bbox 138 3781 202 3847; x_wconf 73' lang='lat' dir='ltr'><strong>sort.</strong></span> <span class='ocrx_word' id='word_1_262' title='bbox 223 3780 268 3849; x_wconf 87' lang='lat' dir='ltr'><strong>qui</strong></span> <span class='ocrx_word' id='word_1_263' title='bbox 288 3786 331 3834; x_wconf 90' lang='lat' dir='ltr'><strong>est</strong></span> <span class='ocrx_word' id='word_1_264' title='bbox 349 3781 465 3844; x_wconf 82' lang='lat' dir='ltr'><strong>Ararati,</strong></span> <span class='ocrx_word' id='word_1_265' title='bbox 484 3788 516 3836; x_wconf 84' lang='lat' dir='ltr'><strong>ut</strong></span> <span class='ocrx_word' id='word_1_266' title='bbox 534 3782 584 3836; x_wconf 86' lang='lat' dir='ltr'><strong>boc</strong></span> <span class='ocrx_word' id='word_1_267' title='bbox 602 3784 711 3836; x_wconf 69' lang='lat' dir='ltr'><strong>asoarius</strong></span> <span class='ocrx_word' id='word_1_268' title='bbox 730 3783 865 3837; x_wconf 82' lang='lat' dir='ltr'><strong>Armenia</strong></span> <span class='ocrx_word' id='word_1_269' title='bbox 882 3784 1051 3852; x_wconf 78' lang='lat' dir='ltr'><strong>eipnificetur</strong></span> <span class='ocrx_word' id='word_1_270' title='bbox 1140 3789 1156 3839; x_wconf 79' lang='lat'>5</span> <span class='ocrx_word' id='word_1_271' title='bbox 1177 3786 1240 3854; x_wconf 82' lang='lat' dir='ltr'><strong>quin</strong></span> <span class='ocrx_word' id='word_1_272' title='bbox 1262 3787 1286 3839; x_wconf 88' lang='lat' dir='ltr'><em>P</em></span> 
     </span>
     <span class='ocr_line' id='line_1_32' title="bbox 174 3868 1285 3940; baseline 0.008 -21"><span class='ocrx_word' id='word_1_273' title='bbox 174 3868 259 3920; x_wconf 82' lang='lat' dir='ltr'><strong>isdem</strong></span> <span class='ocrx_word' id='word_1_274' title='bbox 282 3868 510 3936; x_wconf 83' lang='lat' dir='ltr'><strong>TeisdeurP(e</strong></span> <span class='ocrx_word' id='word_1_275' title='bbox 528 3888 549 3924; x_wconf 83' lang='lat' dir='ltr'><strong>a.</strong></span> <span class='ocrx_word' id='word_1_276' title='bbox 569 3888 596 3925; x_wconf 81' lang='lat' dir='ltr'><strong>u.</strong></span> <span class='ocrx_word' id='word_1_277' title='bbox 616 3876 672 3924; x_wconf 71' lang='grc'>11121</span> <span class='ocrx_word' id='word_1_278' title='bbox 694 3878 740 3928; x_wconf 86' lang='lat' dir='ltr'><strong>cet.</strong></span> <span class='ocrx_word' id='word_1_279' title='bbox 791 3872 1056 3940; x_wconf 66' lang='lat' dir='ltr'><strong>ccuparrcm</strong></span> <span class='ocrx_word' id='word_1_280' title='bbox 1109 3873 1285 3928; x_wconf 74' lang='lat' dir='ltr'><strong>cannara</strong></span> 
     </span>
     <span class='ocr_line' id='line_1_33' title="bbox 139 3956 1283 4029; baseline 0.007 -21"><span class='ocrx_word' id='word_1_281' title='bbox 139 3956 200 4008; x_wconf 75' lang='grc'>1111</span> <span class='ocrx_word' id='word_1_282' title='bbox 220 3957 252 4010; x_wconf 91' lang='grc'><strong>10</strong></span> <span class='ocrx_word' id='word_1_283' title='bbox 271 3957 317 4009; x_wconf 85' lang='lat' dir='ltr'><strong>XL</strong></span> <span class='ocrx_word' id='word_1_284' title='bbox 336 3958 451 4011; x_wconf 82' lang='lat' dir='ltr'><strong><em>PBCM</em></strong></span> <span class='ocrx_word' id='word_1_285' title='bbox 522 3960 911 4026; x_wconf 76' lang='lat' dir='ltr'><strong>9caelestiP(ienenn2)</strong></span> <span class='ocrx_word' id='word_1_286' title='bbox 995 3963 1283 4029; x_wconf 72' lang='lat' dir='ltr'><strong>erestuauitPestu-</strong></span> 
     </span>
    </p>
   </div>
   <div class='ocr_carea' id='block_1_5' title="bbox 138 4042 1285 4140">
    <p class='ocr_par' dir='ltr' id='par_1_9' title="bbox 138 4042 1285 4140">
     <span class='ocr_line' id='line_1_34' title="bbox 138 4042 1285 4140; baseline 0.007 -16"><span class='ocrx_word' id='word_1_287' title='bbox 138 4072 196 4125; x_wconf 88' lang='lat' dir='ltr'><strong>anit</strong></span> <span class='ocrx_word' id='word_1_288' title='bbox 220 4072 280 4125; x_wconf 77' lang='lat' dir='ltr'><strong>T‘B</strong></span> <span class='ocrx_word' id='word_1_289' title='bbox 359 4075 391 4127; x_wconf 84' lang='lat'><strong>12</strong></span> <span class='ocrx_word' id='word_1_290' title='bbox 411 4074 504 4128; x_wconf 84' lang='lat' dir='ltr'><strong>eodem</strong></span> <span class='ocrx_word' id='word_1_291' title='bbox 524 4076 623 4129; x_wconf 77' lang='lat' dir='ltr'><strong>ona.T</strong></span> <span class='ocrx_word' id='word_1_292' title='bbox 699 4078 732 4130; x_wconf 79' lang='grc'><strong>14</strong></span> <span class='ocrx_word' id='word_1_293' title='bbox 751 4042 909 4140; x_wconf 72' lang='lat' dir='ltr'><strong>seruandim</strong></span> <span class='ocrx_word' id='word_1_294' title='bbox 928 4078 956 4130; x_wconf 93' lang='lat' dir='ltr'><em>P</em></span> <span class='ocrx_word' id='word_1_295' title='bbox 1033 4080 1064 4131; x_wconf 84' lang='lat'><strong>15</strong></span> <span class='ocrx_word' id='word_1_296' title='bbox 1084 4079 1121 4130; x_wconf 91' lang='lat' dir='ltr'><strong>sit</strong></span> <span class='ocrx_word' id='word_1_297' title='bbox 1140 4079 1236 4132; x_wconf 85' lang='lat' dir='ltr'><strong>archae</strong></span> <span class='ocrx_word' id='word_1_298' title='bbox 1256 4080 1285 4132; x_wconf 88' lang='lat' dir='ltr'><strong><em>N</em></strong></span> 
     </span>
    </p>
   </div>
   <div class='ocr_carea' id='block_1_6' title="bbox 137 4151 1283 4350">
    <p class='ocr_par' dir='ltr' id='par_1_10' title="bbox 137 4151 1283 4350">
     <span class='ocr_line' id='line_1_35' title="bbox 140 4151 1283 4263; baseline 0.009 -23"><span class='ocrx_word' id='word_1_299' title='bbox 140 4189 172 4241; x_wconf 83' lang='lat'><strong>17</strong></span> <span class='ocrx_word' id='word_1_300' title='bbox 192 4188 320 4241; x_wconf 87' lang='lat' dir='ltr'><strong>uidentur</strong></span> <span class='ocrx_word' id='word_1_301' title='bbox 339 4190 365 4241; x_wconf 91' lang='lat' dir='ltr'>B</span> <span class='ocrx_word' id='word_1_302' title='bbox 413 4190 509 4244; x_wconf 84' lang='grc'>181111</span> <span class='ocrx_word' id='word_1_303' title='bbox 529 4193 555 4244; x_wconf 81' lang='grc' dir='ltr'><strong><em>Ρ</em></strong></span> <span class='ocrx_word' id='word_1_304' title='bbox 574 4191 602 4256; x_wconf 79' lang='lat' dir='ltr'><strong>(h</strong></span> <span class='ocrx_word' id='word_1_305' title='bbox 621 4209 642 4244; x_wconf 85' lang='lat' dir='ltr'><strong>a.</strong></span> <span class='ocrx_word' id='word_1_306' title='bbox 663 4196 700 4253; x_wconf 73' lang='lat' dir='ltr'><strong>u.)</strong></span> <span class='ocrx_word' id='word_1_307' title='bbox 747 4195 781 4246; x_wconf 82' lang='lat'><strong>25</strong></span> <span class='ocrx_word' id='word_1_308' title='bbox 802 4151 915 4261; x_wconf 72' lang='lat' dir='ltr'><strong>qriinqne</strong></span> <span class='ocrx_word' id='word_1_309' title='bbox 934 4194 961 4246; x_wconf 91' lang='lat' dir='ltr'><em>P</em></span> <span class='ocrx_word' id='word_1_310' title='bbox 979 4211 1092 4263; x_wconf 88' lang='lat' dir='ltr'><strong>cumque</strong></span> <span class='ocrx_word' id='word_1_311' title='bbox 1116 4195 1146 4258; x_wconf 88' lang='grc' dir='ltr'><strong>Τ,</strong></span> <span class='ocrx_word' id='word_1_312' title='bbox 1165 4195 1214 4263; x_wconf 84' lang='lat' dir='ltr'><strong>qni</strong></span> <span class='ocrx_word' id='word_1_313' title='bbox 1232 4212 1283 4250; x_wconf 85' lang='lat' dir='ltr'><strong>orn.</strong></span> 
     </span>
     <span class='ocr_line' id='line_1_36' title="bbox 137 4278 872 4350; baseline 0.008 -20"><span class='ocrx_word' id='word_1_314' title='bbox 137 4283 268 4331; x_wconf 90' lang='lat' dir='ltr'><strong>rectorem</strong></span> <span class='ocrx_word' id='word_1_315' title='bbox 281 4320 287 4330; x_wconf 88' lang='lat'><strong>.</strong></span> <span class='ocrx_word' id='word_1_316' title='bbox 300 4321 306 4332; x_wconf 92' lang='lat'><strong>.</strong></span> <span class='ocrx_word' id='word_1_317' title='bbox 317 4322 323 4334; x_wconf 90' lang='lat'><em>.</em></span> <span class='ocrx_word' id='word_1_318' title='bbox 336 4278 392 4331; x_wconf 85' lang='lat' dir='ltr'><strong>fieri</strong></span> <span class='ocrx_word' id='word_1_319' title='bbox 448 4281 482 4333; x_wconf 79' lang='grc'><strong>26</strong></span> <span class='ocrx_word' id='word_1_320' title='bbox 503 4279 669 4342; x_wconf 83' lang='lat' dir='ltr'><strong>conditorem</strong></span> <span class='ocrx_word' id='word_1_321' title='bbox 690 4282 717 4334; x_wconf 88' lang='lat' dir='ltr'><em>P</em></span> <span class='ocrx_word' id='word_1_322' title='bbox 735 4284 769 4350; x_wconf 87' lang='lat' dir='ltr'><strong>(m</strong></span> <span class='ocrx_word' id='word_1_323' title='bbox 791 4288 872 4346; x_wconf 78' lang='lat' dir='ltr'><strong>erue.)</strong></span> 
     </span>
    </p>
   </div>
   <div class='ocr_carea' id='block_1_7' title="bbox 0 0 1422 4822">
    <p class='ocr_par' dir='ltr' id='par_1_11' title="bbox 0 0 1422 4822">
     <span class='ocr_line' id='line_1_37' title="bbox 0 0 1422 4822; baseline 0 2"><span class='ocrx_word' id='word_1_324' title='bbox 0 0 1422 4822; x_wconf 95' lang='lat' dir='ltr'><strong> </strong></span> 
     </span>
    </p>
   </div>
  </div>
 </body>
</html>
