2836 4822
360 384 401 438 De
421 384 480 438 Noe
501 385 542 438 17.
564 382 608 450 18,
627 385 733 438 tta-64
770 383 795 449 (Ι
814 385 867 438 254
886 382 999 438 A-255
1018 383 1063 448 B).
1234 384 1299 449 459

150 579 291 644 nonnulli
312 583 382 644 ante
402 599 459 644 nos
479 580 739 659 aestimauemnt,
759 599 795 644 eo
816 579 901 662 quod
919 578 1125 644 immoderata
1145 578 1297 661 quaedam

150 687 297 751 uideatur
320 687 369 751 uis
393 687 524 768 exprimi
543 686 728 768 passionum
748 686 806 750 hac
826 684 1006 750 elocutione
1025 687 1206 762 uerborum,
1226 685 1301 768 quin

149 794 286 858 turbidis
309 793 512 875 passionibus
533 813 569 858 ac
587 794 775 875 procellosis
796 796 1003 858 consumatur
1020 793 1134 870 anima,
1155 792 1300 857 deficien-

148 901 236 965 tibus
256 904 363 965 autem
383 903 414 965 et
439 901 531 965 uelut
553 901 770 965 arescentibus
789 901 943 965 uirtutem
963 903 1113 994 resumat.
1138 919 1198 963 nou
1218 899 1301 963 redit

116 1029 128 1067 s
149 1007 249 1091 igitur
263 1007 375 1089 culpae
390 1008 514 1090 speeies
534 1009 565 1072 in
586 1009 723 1072 enimam
741 1008 820 1073 iusti
840 1008 930 1090 quasi
950 1007 1068 1073 siccam
1089 1009 1121 1070 et
1138 1010 1298 1071 mortuam

149 1115 371 1197 derelinquens
396 1119 427 1179 et
451 1115 501 1179 cui
526 1115 588 1178 iam
614 1134 725 1180 nocere
749 1135 809 1180 non
835 1115 947 1197 possit.

32 1232 47 1308 t,
58 1226 101 1290 64
191 1221 259 1286 Nec
277 1221 358 1286 illud
378 1242 527 1301 uacuum,
543 1224 627 1304 quod
642 1227 752 1306 postea
773 1222 921 1286 columba
941 1221 1126 1295 dimittitur,
1144 1218 1298 1283 malitiam
1327 1228 1348 1281 Β

149 1328 265 1392 etenim
294 1328 484 1412 simplicitas
513 1333 546 1394 et
574 1331 702 1410 culpam
730 1330 834 1392 uirtus
867 1327 1011 1393 resoluit.
1043 1327 1167 1391 malitia
1200 1326 1299 1410 igitur
1326 1335 1347 1390 l*

148 1439 233 1498 amat
266 1435 434 1512 diluuium,
468 1436 662 1501 consortium
694 1436 949 1527 iustaemeutis
980 1435 1100 1519 refugit
1137 1437 1169 1498 et
1207 1431 1298 1515 quasi

101 1565 129 1604 ιο
150 1540 292 1606 desolata
316 1546 348 1607 et
372 1543 439 1606 siue
464 1544 570 1623 aliqua
594 1544 731 1607 statione
760 1546 903 1606 remanet
929 1542 1051 1606 nullam
1077 1541 1196 1605 habens
1225 1557 1298 1602 cum

148 1646 266 1713 uirtute
300 1649 564 1726 communionem,
597 1649 702 1713 uirtus
736 1653 844 1713 autem
875 1649 957 1713 redit
994 1666 1102 1712 amans
1139 1646 1298 1710 iustorum

149 1754 306 1818 consortia
325 1759 357 1818 et
375 1754 555 1838 largiendae
579 1754 764 1818 familiarior
783 1753 927 1831 utilitati,
947 1772 1027 1835 quse
1051 1751 1190 1817 conterat
1212 1751 1298 1814 selu·

148 1860 227 1924 baria
259 1865 291 1925 et
323 1863 464 1927 cauenda
497 1881 534 1926 ea
568 1881 648 1944 quae
682 1869 758 1925 sunt
789 1862 933 1926 nocitum
966 1863 1174 1936 commoneat,
1213 1858 1298 1922 sicut

148 1968 297 2032 columba
328 1968 460 2033 dimissa
493 1989 564 2033 cum
598 1969 723 2033 uideret
750 1988 894 2034 cessasse
922 1987 1047 2050 aquam,
1076 1984 1220 2050 regressa
1248 1969 1298 2029 est

103 2099 127 2138 rs
147 2078 310 2157 tamquam
333 2077 427 2158 plena
455 2077 607 2154 iustitiae,
637 2080 673 2141 ut
697 2077 725 2140 ei
748 2096 767 2140 a
791 2095 853 2158 quo
881 2077 981 2140 missa
1008 2076 1110 2138 tuerat
1137 2072 1297 2138 nuntiaret

147 2181 223 2262 quid
261 2182 363 2247 adhuc
401 2202 511 2247 cauere
549 2183 678 2248 deberet
714 2187 809 2265 etque
842 2181 1013 2265 spectando
1045 2181 1152 2245 fructu
1185 2183 1295 2262 postea

147 2288 276 2353 meliore
300 2289 466 2371 potiretur.
492 2290 575 2372 quod
597 2293 702 2354 nutem
723 2289 870 2354 columba
889 2309 949 2354 non
969 2287 1134 2353 inueuicus
1152 2286 1293 2368 requiem
1305 2295 1395 2351 255A

147 2414 237 2458 suam
270 2396 448 2479 regreditur
485 2395 524 2460 ad
562 2416 646 2473 eum,
683 2397 889 2461 manifestum
926 2394 1080 2459 indicium
1118 2393 1205 2458 dedit
1240 2413 1296 2476 per

147 2501 329 2566 huiusmodi
355 2522 430 2567 aues
456 2507 609 2585 quantum
635 2503 761 2568 intersit
787 2503 870 2568 inter
898 2503 1052 2566 malitiam
1082 2504 1113 2564 et
1141 2500 1294 2564 uirtutem

102 2630 129 2668 ao
147 2608 288 2689 exprimi,
300 2608 458 2690 siquidem
469 2628 583 2674 coruus
600 2613 671 2673 ante
688 2609 850 2685 dimissus,
867 2628 939 2674 cnm
955 2610 1116 2691 aliquanto
1134 2607 1296 2671 uideretur

148 2715 286 2796 amplius
315 2715 470 2780 exundare
499 2715 667 2793 diluuium,
696 2715 787 2779 uisus
817 2719 867 2779 est
894 2717 1000 2780 locum
1028 2713 1188 2778 inuenisse
1220 2714 1296 2777 resi-

149 2819 252 2886 dendi.
278 2825 310 2885 et
333 2825 417 2885 certe
440 2841 502 2886 non
527 2825 576 2886 est
599 2821 782 2886 huiusmodi
806 2840 923 2886 coruum
947 2826 984 2885 ut
1007 2821 1087 2885 aliae
1107 2839 1194 2896 aues,
1215 2838 1295 2901 quae

148 2927 178 2990 iu
202 2928 293 3010 aquis
318 2928 588 2993 conuersatiouem
614 2928 728 2992 habere
753 2933 954 2993 consuerunt.
983 2946 1056 2991 cum
1080 2945 1154 3010 ergo
1178 2944 1296 2990 coruus

149 3033 202 3098 ubi
225 3039 402 3099 remaneret
424 3035 584 3099 inuenisse
608 3034 764 3114 uideatur,
789 3035 937 3100 columba
961 3039 1068 3098 curtem
1088 3052 1148 3096 nou
1168 3033 1295 3096 iuuene·

103 3162 128 3200 m
146 3142 199 3217 rit,
218 3141 348 3205 euidens
368 3141 448 3204 ratio
469 3149 519 3207 est
536 3143 647 3206 altiore
666 3142 923 3224 interpretatione
945 3141 1062 3225 signari
1082 3140 1157 3222 quin
1171 3139 1293 3203 malitia
1320 3151 1343 3204 Β

147 3247 297 3330 inquietis
333 3248 535 3329 passionibus
574 3252 605 3312 et
643 3249 883 3331 cupiditatibus,
922 3249 1039 3331 quibus
1081 3247 1294 3328 cormmpitur

147 3357 260 3430 anima,
286 3373 320 3419 se
347 3355 479 3419 miscere
508 3355 677 3420 consueuit
705 3359 736 3421 et
764 3357 856 3438 quasi
885 3356 1028 3440 cognatis
1054 3357 1086 3419 et
1109 3352 1293 3418 domesticis

148 3462 324 3526 delectatur
355 3460 461 3543 ibique
495 3462 774 3526 commorationem
808 3481 898 3525 suam
930 3461 1025 3535 locat,
1055 3460 1158 3523 uirtus
1187 3463 1293 3524 autern

238 3654 252 3705 7
273 3653 339 3708 Gen.
360 3652 385 3707 8.
405 3652 421 3705 8
440 3652 520 3705 Philo
542 3651 652 3717 Quaest.
673 3652 699 3705 11
718 3653 753 3706 38
791 3653 822 3705 17
843 3651 909 3705 Gen.
925 3657 950 3710 8.
965 3653 981 3706 9
995 3650 1074 3704 Philo
1090 3649 1201 3714 Quaest.
1216 3649 1243 3703 ll
1258 3649 1292 3701 39

183 3763 199 3815 2
219 3761 374 3831 cloqutione
398 3759 422 3812 T
439 3759 576 3812 locutione
595 3758 659 3812 DN
709 3758 773 3828 quia
793 3758 813 3824 ti
832 3774 853 3811 s.
873 3764 911 3823 u.)
931 3759 958 3811 P
1002 3758 1017 3809 3
1038 3760 1239 3810 cousuuuuntur
1262 3756 1286 3809 Τ
1287 3759 1292 3781 ⁴

149 3856 180 3914 (s.
199 3850 212 3903 l
231 3851 322 3915 mitur)
341 3847 374 3901 N
442 3849 459 3901 4
478 3848 554 3900 uelut
573 3846 761 3901 recedentibus
784 3848 807 3899 B
880 3852 998 3899 resuruat
1017 3844 1081 3898 DN
1095 3847 1208 3898 resumit
1226 3846 1253 3898 P
1272 3846 1293 3908 (i

147 3956 180 3992 ex
199 3945 224 4004 a)
241 3943 288 3991 cet.
326 3937 454 3990 insiccam
475 3940 502 3989 et
522 3939 654 3988 mortuam
678 3936 708 3987 tt
728 3937 798 3988 sicca
817 3941 844 3988 et
864 3938 1034 3988 mortuaest.
1073 3934 1292 4001 tiderrlinqueus

147 4027 231 4093 Ptre
249 4044 270 4080 s.
291 4043 318 4078 u.
336 4030 393 4093 rull)
467 4024 738 4077 9amauitPBt'M
811 4025 842 4076 12
862 4022 1048 4092 quacum.B
1119 4023 1294 4075 solutariaP

149 4116 244 4180 (uait.
264 4120 344 4178 su.)
364 4114 523 4167 saluteriT
596 4115 627 4166 16
647 4113 812 4182 expectando
832 4112 969 4164 Erusorrrs
1044 4112 1075 4163 19
1095 4111 1249 4163 huiusmodi
1268 4111 1295 4164 Ρ

149 4205 217 4271 (ha.
237 4208 340 4269 mmt’)
414 4204 448 4257 20
468 4219 525 4255 cum
545 4203 752 4269 Ptcinras.)
824 4202 858 4254 23
877 4200 1016 4254 haberes.
1036 4217 1062 4255 rr.
1082 4200 1109 4252 P
1180 4216 1292 4253 conene-

149 4300 246 4349 uerunt
268 4295 293 4348 Τ
345 4296 380 4348 25
399 4293 623 4361 interpretatione
642 4291 669 4343 P
687 4294 713 4359 (o
731 4306 753 4344 s.
772 4308 799 4343 u.
819 4294 876 4358 ur2)
