2836 4822
361 364 509 417 Exameron
527 364 555 418 11
573 363 599 428 3,
620 365 662 418 13.
683 365 717 418 14
754 364 778 429 (Ι
797 364 831 418 28
850 363 943 418 Ε-29
962 365 1009 430 D).
1206 365 1249 430 53

103 559 198 643 pitur,
227 562 265 624 ut
291 558 421 623 flumina
446 569 534 634 <ac>
560 560 651 624 lacus
678 562 807 641 repente
835 560 1024 641 repleantur,
1053 559 1125 641 ipsa
1151 559 1250 624 maria

104 667 269 732 exundent.
298 667 382 730 unde
410 667 590 749 frequenter
614 669 646 730 et
670 667 770 731 solem
793 666 942 731 uidemus
966 666 1129 731 madidum
1154 670 1249 749 atque

102 777 271 838 rorantem.
294 774 327 837 in
356 794 418 855 quo
443 773 572 838 euidens
596 773 651 836 dat
673 773 836 850 indicium,
861 774 946 855 quod
969 774 1162 840 elementum
1185 775 1247 840 sihi
1269 786 1292 840 B

30 879 62 942 14
103 897 255 962 aquarum
274 879 313 943 ad
332 879 518 962 temperiem
538 879 588 943 sui
607 879 790 962 sumpserit.
809 882 934 944 tantum
954 882 1060 944 autem
1079 880 1165 945 inest
1182 881 1248 946 illis

73 985 323 1071 ainpugnandae
347 987 493 1051 rneritatis
518 985 673 1064 studium,
692 989 728 1049 ut
748 987 847 1051 solem
866 987 972 1070 ipsum
991 990 1109 1071 negent
1128 987 1248 1054 calidae

102 1098 233 1159 naturae
248 1112 330 1168 esse,
343 1112 379 1158 eo
396 1093 481 1176 quod
496 1093 587 1157 albus
605 1092 648 1156 sit
662 1095 694 1157 et
711 1112 772 1157 non
791 1093 987 1159 rubicundus
1007 1098 1064 1159 aut
1080 1094 1197 1158 rutilus
1215 1095 1248 1159 in

103 1201 241 1284 speciem
255 1201 350 1284 ignis.
367 1203 399 1265 et
412 1199 482 1264 ideo
498 1200 586 1264 aiunt
600 1199 684 1281 quod
699 1219 755 1264 nec
770 1200 892 1284 ignitus
906 1203 1019 1265 natrrra
1033 1201 1076 1265 sit
1090 1201 1160 1266 etsi
1171 1201 1248 1284 quid

101 1308 197 1373 habet
212 1307 336 1384 caloris,
351 1307 456 1371 iemnt
473 1325 508 1371 ex
527 1305 624 1370 nimio
644 1310 735 1371 motu
755 1307 971 1372 conuersionis
991 1307 1142 1374 accidere.
1163 1308 1249 1391 quod

102 1415 170 1480 ideo
190 1414 359 1480 dicendum
376 1417 499 1498 putant,
519 1417 556 1478 ut
572 1413 654 1480 nihil
668 1414 815 1478 uideatur
826 1415 946 1480 umoris
962 1432 1158 1492 consumere,
1174 1415 1248 1498 quia
1271 1424 1291 1481 c

64 1539 87 1578 1⁰
103 1523 249 1600 calorem,
268 1542 330 1604 quo
350 1539 443 1586 umor
460 1521 514 1584 uel
532 1519 688 1585 minuitur
706 1522 759 1585 uel
777 1521 965 1604 plerumque
980 1521 1171 1600 exhauritur,
1186 1541 1246 1586 non

102 1629 197 1694 habet
211 1628 399 1694 naturalem.
416 1627 472 1692 sed
486 1626 566 1690 nihil
581 1631 689 1710 agunt,
706 1645 778 1691 cum
792 1628 855 1691 ista
870 1631 1073 1710 componunt,
1084 1627 1246 1710 quianihil

102 1736 234 1801 interest
257 1740 364 1800 utrum
389 1753 424 1799 ex
447 1736 560 1799 natura
584 1735 720 1799 calorem
745 1735 816 1818 quis
840 1735 958 1801 habeat
979 1754 1017 1799 an
1046 1754 1082 1800 ex
1099 1735 1245 1818 passione

103 1843 248 1925 aliquaue
263 1862 299 1907 ex
318 1861 423 1913 causa,
443 1841 517 1923 quia
535 1841 620 1925 ignis
640 1843 742 1907 omnis
762 1849 969 1926 consumptor
986 1843 1106 1907 umoris
1126 1845 1176 1907 est
1193 1842 1247 1906 uel

103 1948 285 2014 huiusmodi
318 1948 480 2025 materiae,
514 1968 608 2031 quam
641 1948 769 2013 flamma
801 1949 968 2014 consueuit
999 1967 1137 2014 exurere.
1174 1966 1246 2012 nam

68 2056 169 2120 asine
199 2074 234 2120 ex
261 2055 359 2140 lignis
387 2056 626 2139 hautquaquam
654 2056 899 2133 semiustulatis,
928 2056 984 2120 sed
1011 2056 1093 2120 inter
1116 2075 1150 2120 se
1174 2073 1246 2120 con·

102 2162 169 2228 lisia
184 2163 270 2247 ignis
285 2182 437 2228 excussus
452 2163 625 2246 excipiatur
642 2162 740 2240 foliis,
761 2163 856 2227 etiam
876 2163 1004 2227 flamma
1022 2162 1138 2238 adolet,
1159 2180 1195 2225 ac
1216 2161 1244 2225 si
1262 2165 1287 2218 D

103 2269 139 2335 de
152 2270 226 2354 igne
242 2269 394 2333 accendas
408 2270 521 2348 facem,
538 2269 606 2334 siue
621 2269 659 2333 de
673 2268 817 2334 flammae
831 2270 1068 2334 luminelumen
1080 2268 1245 2344 accendas,

103 2377 210 2441 eadem
236 2377 358 2459 species
383 2381 415 2441 et
438 2382 549 2441 natura
573 2379 622 2441 est
644 2376 786 2449 luminis,
811 2395 846 2440 ac
866 2376 893 2440 si
913 2376 993 2440 illud
1012 2395 1073 2441 nou
1092 2374 1245 2440 naturalis

102 2483 183 2568 ignis
221 2482 405 2560 adoleuerit,
442 2483 498 2548 sed
536 2483 681 2548 accidens
719 2503 815 2548 causa
847 2484 1055 2567 generauerit.
1087 2484 1141 2548 uel
1172 2483 1246 2547 hinc

69 2597 89 2638 ¹·
104 2591 215 2656 saltem
253 2591 507 2673 contemplentur
539 2590 616 2654 solis
650 2590 796 2669 calorem,
830 2590 915 2674 quod
947 2590 1073 2656 diuersa
1105 2590 1134 2655 ei
1166 2589 1245 2655 deus

103 2699 268 2763 constituit
304 2717 417 2764 cursus
455 2698 506 2762 sui
541 2699 613 2763 loca
649 2700 681 2762 et
716 2702 869 2781 tempora,
909 2717 956 2776 na,
997 2698 1024 2760 si
1058 2716 1182 2780 semper
1213 2697 1245 2761 in

102 2801 201 2870 isdem
228 2808 405 2870 moraretur
431 2805 522 2885 locis,
552 2805 725 2870 cottidiano
758 2824 795 2869 ea
826 2824 943 2887 uapore
975 2806 1127 2868 exureret.
1159 2822 1245 2868 mare

187 2996 204 3049 2
229 2995 263 3050 cf.
287 2995 480 3049 Reifferscheid
504 2996 579 3049 Suet.
603 2995 650 3050 rel.
676 3013 702 3065 p.
721 2995 774 3049 442
793 3013 834 3066 sq.
852 2994 917 3051 Isid.
942 2994 976 3049 de
1000 3000 1056 3049 irat.
1082 3011 1133 3048 rer.
1160 2997 1204 3053 15.
1227 2996 1243 3049 2

100 3082 410 3153 ramosisque)
434 3083 497 3139 [sio.
522 3084 555 3137 de
578 3088 634 3138 nat.
658 3101 708 3138 rer.
735 3085 776 3148 15,
801 3086 814 3137 1
908 3087 941 3138 15
965 3083 1027 3139 Bas.
1047 3085 1081 3138 69
1102 3082 1122 3138 C
1141 3085 1243 3154 (291))

102 3175 133 3229 16
149 3173 233 3245 Uerg.
252 3173 319 3228 Aen.
338 3173 352 3227 I
372 3175 424 3228 114
443 3191 482 3243 sq.
533 3175 568 3228 20
587 3174 652 3228 lsid.
673 3173 706 3228 de
724 3179 781 3228 nat.
801 3191 851 3228 rer.
872 3174 914 3240 17,
933 3176 950 3229 3
1000 3175 1035 3228 22
1050 3173 1114 3228 Isid.
1136 3173 1168 3227 de
1187 3177 1243 3228 nat.

100 3279 146 3317 rer.
166 3264 202 3317 42
220 3264 285 3318 Bas.
305 3262 339 3317 72
357 3263 381 3316 Α
400 3263 446 3334 (29
465 3263 487 3316 Ε
507 3264 542 3318 30
561 3263 595 3330 Δ)

132 3390 198 3442 lac
213 3387 314 3442 addidi
327 3392 356 3441 11
368 3387 458 3444 Broc.
513 3387 587 3441 lacos
604 3387 826 3454 1111111111)
847 3387 900 3442 GP
944 3388 1143 3442 delementum
1161 3387 1243 3443 Uind.

99 3477 254 3532 elimentum
274 3477 343 3533 laid.
366 3478 526 3532 alimentum
550 3483 597 3532 cet.
731 3479 749 3530 4
772 3480 898 3531 sumserit
919 3477 969 3532 OG
993 3485 1018 3533 et
1041 3482 1123 3546 (corr.
1140 3481 1198 3543 m2)
1218 3478 1246 3532 P

98 3567 160 3623 det
178 3585 233 3621 non
250 3568 349 3637 acn'poi
367 3572 396 3621 et
415 3565 437 3619 ll
457 3585 510 3622 non
528 3568 562 3621 N
577 3567 654 3628 leid..
675 3565 731 3618 ἀλλ’
752 3565 811 3638 οὐχὶ
828 3568 896 3622 Boo.
919 3570 958 3621 69
976 3568 1003 3620 Β
1076 3565 1243 3638 lspeciell

97 3656 664 3728 8111111111(1ονν.1113)0(1ον1·.1112)θΡ
726 3656 1066 3727 111116111661111112)
1112 3658 1244 3711 ilumeris

96 3745 152 3802 6119
167 3747 289 3801 humoris
308 3753 355 3801 cet.
411 3747 445 3801 10
463 3763 541 3800 umor
557 3745 651 3803 uum*
666 3746 763 3799 humor
781 3752 828 3800 cet.
892 3746 1048 3800 exhauritur
1064 3746 1089 3802 a
1109 3746 1245 3800 exacuitur

97 3840 142 3889 eet.
162 3835 285 3889 exuritur
302 3834 373 3890 laid.
467 3836 497 3888 11
518 3839 672 3905 proponunt
690 3834 760 3889 laid.
836 3835 868 3888 13
889 3835 1013 3902 aliquaue
1031 3834 1132 3903 scripsi
1150 3832 1244 3903 aliqua

97 3928 177 3994 etque
198 3923 277 3990 riom
295 3924 338 3977 nel
359 3924 500 3994 exaliqua
519 3924 589 3979 Isid.
662 3924 782 3977 humoris
801 3925 834 3980 dI‘
853 3923 883 3988 (h
901 3940 923 3979 a.
943 3928 982 3991 11.)
1003 3930 1050 3979 cet.
1112 3925 1243 3978 15111111-

96 4029 232 4084 quaquam
253 4013 282 4075 (h
301 4016 349 4066 m2
365 4029 388 4069 a.
401 4018 441 4079 a.)
456 4013 541 4068 mus
556 4012 765 4082 haudquaquam
779 4014 861 4067 Pma
875 4013 926 4067 VB
944 4018 1126 4083 autquaquam
1143 4013 1242 4069 ClI‘M‘

95 4107 119 4155 et
136 4105 181 4155 1111
199 4101 251 4157 ΡΙ(
270 4106 318 4156 aut
337 4101 452 4172 qaudam
474 4101 499 4157 G
518 4103 577 4174 (aut
596 4101 757 4171 quibusdam
775 4106 833 4170 m2)
889 4103 1076 4156 semiustilatia
1090 4103 1127 4156 M
1144 4102 1242 4155 semiu-

95 4191 247 4248 nunccine
267 4196 347 4255 (corr.
368 4196 419 4257 1111)
438 4192 481 4246 Μ’
500 4192 704 4247 semiustellotis
722 4192 754 4249 u‘
850 4194 884 4248 20
904 4193 992 4247 calore
1012 4198 1038 4258 (e
1057 4209 1090 4246 ex
1109 4209 1123 4245 e
1142 4195 1199 4255 m3)
1222 4191 1246 4243 C

94 4280 130 4335 22
148 4278 236 4335 isdem
254 4280 316 4334 Atr.
336 4279 425 4335 Bnaa.
445 4278 551 4335 hisdem
571 4285 618 4335 cet.
691 4280 751 4336 loca
772 4280 797 4335 0
