2836 4822
317 373 358 426 De
379 372 445 427 Cain
467 377 494 426 et
514 373 582 426 Abel
599 373 628 427 ΙΙ
647 375 671 435 9,
692 373 798 427 31-33
838 374 861 438 (Ι
881 374 932 427 220
952 374 1063 428 9-221
1086 372 1127 438 C).
1238 377 1302 440 405

156 569 253 652 probo
279 570 363 632 mala
386 574 418 633 et
442 569 558 633 adsunt
583 574 614 632 et
633 569 782 632 adfutura
801 573 884 632 sunt.
905 587 984 650 quae
1004 568 1121 632 adsunt
1140 569 1303 633 tristitiam

157 679 334 757 operantur,
360 695 439 758 quae
472 676 580 739 futura
612 674 824 753 formidinem,
849 674 905 738 sed
928 675 1095 756 inprobum
1118 678 1192 756 plus
1216 695 1303 758 prae-

156 781 258 846 sentia
277 802 372 864 quam
391 783 499 845 futura
519 782 702 846 sollicitant.
722 781 805 845 unde
824 785 856 844 et
872 779 947 846 Cain
968 781 1047 845 dixit
1066 782 1104 846 ad
1124 781 1301 847 dominum:
1313 787 1362 839 221
1377 787 1400 838 :l

156 888 274 952 maior
298 907 410 953 causa
434 909 517 952 mea
541 892 609 953 est.
635 888 667 954 si
691 889 932 971 derelinques
953 908 1006 953 me
1026 889 1148 966 hodie,
1168 909 1186 952 a
1205 889 1303 953 facie

123 1003 220 1061 atua
258 997 482 1061 abscondam
520 1016 585 1062 me.
619 996 699 1060 nihil
731 996 813 1061 enirn
847 997 976 1080 grauius
1016 1016 1110 1079 qnam
1148 1000 1302 1061 errantem

156 1123 173 1167 a
206 1103 263 1167 deo
298 1103 411 1168 deseri.
445 1107 483 1166 ut
515 1122 549 1167 se
581 1122 731 1167 reuocare
764 1123 824 1167 non
858 1104 970 1186 possit.
1005 1122 1089 1167 mors
1126 1103 1303 1186 peccatoris

154 1210 249 1275 finem
269 1210 421 1294 peccandi
441 1209 552 1285 adfert,
572 1209 641 1273 uita
660 1212 766 1274 autern
787 1208 894 1274 diuino
915 1209 1128 1293 gubernaculo
1148 1209 1304 1273 destituta

156 1317 382 1400 praecipitatur
415 1320 447 1380 et
479 1317 510 1380 in
545 1317 692 1400 grauiora
719 1317 905 1397 prolabitur.
930 1322 966 1379 ut
990 1317 1017 1380 si
1041 1336 1170 1400 gregenr
1194 1321 1304 1398 pastor·

156 1424 321 1504 relinquat,
345 1423 510 1487 incursant
541 1421 674 1497 bestiae,
700 1421 744 1484 ita
777 1441 849 1485 cum
882 1420 960 1486 deus
990 1423 1106 1487 deserit
1129 1423 1299 1499 bominem,

112 1553 137 1589 ro
155 1531 275 1614 ingruit
307 1529 463 1595 diabolus.
499 1548 593 1612 graue
626 1523 812 1609 praesertim
846 1529 1068 1611 insipientibus
1101 1549 1161 1593 nou
1187 1529 1301 1593 habere

154 1642 318 1703 rectorem.
336 1638 435 1719 serpit
454 1636 587 1712 malitia,
608 1637 725 1700 uulnus
745 1642 890 1720 augetur,
906 1637 961 1700 ubi
981 1637 1136 1701 medicina
1155 1636 1299 1701 defuerit.
1326 1640 1352 1693 B

156 1745 322 1808 abscondit
355 1764 388 1808 se
422 1746 527 1807 autem
553 1743 608 1826 qui
631 1744 737 1807 uelare
761 1744 834 1807 uult
857 1743 984 1824 culpam
1009 1747 1041 1806 et
1063 1746 1168 1828 tegere
1192 1762 1302 1826 pecca·

155 1858 233 1916 turn.
269 1852 322 1932 qui
356 1850 439 1914 enim
473 1850 555 1913 male
588 1850 655 1933 agit
690 1849 757 1914 odit
788 1849 893 1914 luceru
927 1855 959 1914 et
991 1851 1137 1914 tenebras
1170 1869 1301 1914 snorum

156 1959 277 2040 quaerit
305 1962 342 2021 ut
370 1957 504 2020 latibula
532 1956 732 2033 delictorum,
757 1957 862 2020 iustus
891 1960 997 2020 autern
1026 1975 1086 2020 non
1111 1956 1304 2021 abscondere

111 2087 136 2123 15
155 2084 189 2127 se
214 2085 231 2127 a
256 2064 381 2127 domino
416 2063 473 2126 deo
507 2081 577 2138 suo,
602 2062 657 2126 sed
690 2063 758 2144 ipse
793 2082 826 2126 se
859 2063 962 2146 magis
997 2064 1115 2126 offerre·
1134 2062 1304 2127 consueuit

156 2171 277 2235 clipeus:
298 2190 371 2236 ecce
391 2190 462 2234 sum
482 2188 552 2254 ego,
573 2170 627 2252 qui
648 2190 708 2233 non
728 2169 823 2234 babet
843 2169 1044 2234 criminosam
1064 2170 1301 2244 conscientiam,

64 2279 107 2340 33
156 2299 249 2360 quarn
273 2278 386 2343 timeat
410 2277 609 2358 deprehendi.
639 2278 751 2342 merito
777 2297 851 2361 ergo
877 2296 910 2341 se
935 2277 1101 2342 abscondit
1124 2277 1205 2340 male
1229 2295 1301 2340 con-

156 2385 241 2448 scius
267 2387 297 2448 et
322 2384 380 2447 ait:
415 2383 534 2448 omnis
570 2384 632 2466 qni
665 2384 857 2447 inuenerit
890 2403 944 2447 me
979 2384 1128 2449 occidet
1159 2404 1224 2448 me.
1249 2403 1300 2447 an-
1329 2386 1353 2442 c

156 2496 268 2574 gastae
302 2491 416 2554 montis
450 2491 543 2554 homo
576 2494 773 2571 praesentem
796 2495 930 2555 mortem
954 2496 1092 2566 ueretur,
1115 2493 1301 2571 perpetuam

109 2623 136 2658 20
156 2597 295 2681 neglegit
318 2603 350 2661 et
374 2597 518 2660 diuinum
541 2596 696 2661 iudicium
721 2616 781 2661 non
800 2597 994 2674 reformidat,
1014 2597 1177 2661 interitum
1196 2597 1301 2661 solum

155 2705 294 2788 corporis
324 2704 520 2786 deprecatur.
550 2705 605 2768 sed
635 2725 652 2768 a
681 2724 743 2786 quo
773 2705 908 2770 timebat
932 2704 1033 2768 occidi
1058 2705 1113 2786 qui
1138 2705 1224 2768 solos
1248 2723 1300 2785 pa·

155 2816 257 2876 rentes
282 2811 420 2875 habebat
442 2810 474 2875 in
498 2812 612 2876 terris?
636 2813 743 2893 potuit
762 2812 891 2894 quidem
910 2815 942 2876 et
960 2812 1107 2876 incursus
1127 2811 1301 2874 bestiarum

155 2921 265 2983 timere
299 2920 353 3001 qui
387 2920 468 3003 legis
502 2919 627 2983 diuinae
660 2920 728 2982 iura
757 2919 933 2983 uiolauerat
956 2938 1012 2984 nec
1037 2937 1238 3001 praesumere
1263 2917 1302 2981 de

155 3026 308 3091 subiectis
347 3026 536 3090 animalibus
575 3027 689 3090 ceteris
724 3025 778 3108 qui
811 3027 970 3090 bominem
1005 3026 1156 3090 docuerat
1188 3024 1300 3098 occidi,

108 3151 135 3189 ‘2⁵
154 3133 259 3214 potuit
282 3137 314 3197 et
338 3138 484 3216 parentes
509 3133 679 3214 parricidas
709 3133 820 3197 timere
844 3133 899 3215 qui
924 3133 1074 3197 docuerat
1097 3131 1299 3215 parricidium

242 3327 259 3378 4
279 3323 346 3378 Gen.
366 3326 391 3385 4,
414 3325 445 3377 13
465 3342 504 3393 sq.
561 3327 577 3378 5
596 3323 676 3376 Philo
697 3323 775 3388 Quod
795 3323 849 3376 det.
870 3329 926 3392 pot.
947 3325 996 3376 ins.
1012 3326 1046 3378 39
1061 3326 1134 3385 1919.
1148 3326 1195 3377 41;
1211 3324 1222 3376 l
1239 3325 1300 3378 aab.

153 3413 187 3466 ‘23
210 3413 249 3478 (J.)
289 3415 303 3466 t
323 3413 403 3466 Plrilo
423 3411 501 3478 Quod
521 3412 575 3465 det.
596 3417 651 3481 pot.
672 3414 722 3465 ius.
742 3414 776 3465 39
798 3412 869 3478 (218,
884 3414 931 3477 293
946 3412 960 3466 Ι
974 3414 1034 3466 290.
1054 3414 1086 3467 15
1104 3413 1144 3476 0.)
1185 3415 1216 3465 1?
1233 3413 1298 3466 Gen.

153 3504 179 3566 l,
202 3503 232 3554 14
250 3501 330 3555 Philo
351 3501 461 3566 Quaest.
482 3501 495 3554 Ι
515 3503 549 3555 74
606 3501 638 3554 18
658 3500 723 3555 Gen.
743 3503 769 3561 4,
791 3502 823 3554 15
842 3501 921 3554 Philo
941 3501 1052 3567 Quaest.
1073 3502 1086 3555 Ι
1106 3503 1138 3554 ῖὸ

189 3611 294 3679 3ᾶῇ
312 3627 348 3680 ΙΙ
366 3626 410 3679 dur
429 3632 475 3680 cet.
572 3626 695 3695 6possit
713 3625 836 3678 AA¹BV
854 3629 946 3695 posset
964 3632 1011 3680 cet.
1111 3624 1248 3678 9dcscrit
1267 3643 1301 3678 ex

154 3751 252 3804 ‹lixorit
266 3751 289 3804 S
326 3751 358 3805 10
377 3768 460 3820 graue
476 3751 549 3803 ,119Ι
567 3767 649 3817 grane
670 3755 711 3803 est
725 3739 850 3803 ,rIrBP‘
867 3768 977 3819 manem
992 3757 1038 3804 cet.
1079 3751 1111 3803 12
1126 3728 1214 3803 adtern
1231 3728 1261 3802 se
1275 3751 1302 3802 P

156 3842 188 3893 13
212 3856 318 3893 suorum
344 3841 450 3908 quaerit
474 3846 504 3892 ut
526 3841 626 3908 scripsi
649 3857 756 3893 suorum
778 3840 883 3908 quaerit
903 3844 930 3890 ot
950 3839 972 3893 S
991 3839 1109 3908 (quaerit
1126 3839 1158 3892 in
1175 3856 1224 3907 nep.
1247 3844 1297 3902 nal)

155 3929 250 3981 ΜΛΔΙ
271 3946 377 3981 suorum
399 3936 426 3981 et
444 3929 471 3981 P
490 3930 608 3998 (quaerit
628 3936 692 3982 arete
711 3933 739 3981 et
751 3946 772 3983 a.
789 3946 815 3982 u.
830 3931 886 3996 mal)
901 3929 934 3980 P¹
953 3929 1071 3997 (quaerit
1090 3933 1155 3981 ante
1173 3927 1299 3980 tenebras

153 4035 173 4070 s.
194 4035 218 4071 u.
240 4023 291 4081 nel)
311 4018 414 4071 11119Ι
431 4024 456 4070 et
477 4020 594 4086 (quaerit
608 4025 672 4086 post
690 4018 816 4073 latibula}
832 4018 947 4071 dionae.
968 4021 1049 4070 2549
1100 4018 1132 4069 15
1152 4016 1209 4085 ipse¹
1230 4033 1258 4067 se
1273 4015 1300 4068 P

155 4112 193 4169 (se
213 4125 233 4159 s.
254 4125 280 4159 n.
301 4112 367 4174 neo,
387 4125 415 4159 se
431 4113 495 4174 pust
513 4106 600 4175 magis
620 4106 733 4160 dionae.
755 4109 843 4161 2549.
859 4111 923 4174 post
943 4107 1037 4159 offerre
1056 4106 1171 4159 ittonae.
1193 4108 1296 4166 14399,

154 4203 319 4249 ποιησει.
412 4196 762 4265 21<puilquoSris.‹)
855 4195 1117 4259 solusrlllosun
1210 4194 1296 4247 aare

154 4284 282 4338 subiectis
301 4302 350 4339 orer.
374 4285 398 4336 B
