2836 4822
292 344 334 399 ue
352 344 420 400 Cain
440 350 468 399 et
485 345 556 399 abel
574 344 601 399 11
620 349 645 400 4.
665 348 689 410 5,
712 349 752 403 16.
774 349 806 401 17
844 348 867 414 (1
886 349 1137 417 ulau-2141».
1175 342 1176 346 ¹
1215 353 1280 416 393

134 543 310 620 auaritiam,
348 543 505 627 relegauit
540 543 715 626 perfidiam,
748 545 942 610 renuntiauit
974 546 1153 622 fraudibus3
1189 546 1282 610 aliter

133 651 216 715 enim
240 670 301 714 uon
326 649 502 734 ingreditur
526 649 674 716 Christus
697 651 758 715 uisi
782 655 819 715 ut
848 652 928 716 uitia
950 651 1106 729 excludat,
1127 654 1279 734 quianon

133 759 296 823 cohabitat
319 759 487 822 erroribus.
515 757 650 840 denique
674 759 712 822 de
735 760 855 842 templo
880 759 1016 823 eiciebat
1039 760 1280 838 nummularios,

133 865 208 947 quia
234 865 303 946 ipss
331 865 462 929 uolebat
488 865 651 947 habitare,
675 865 759 929 uude
788 865 966 930 Zacchaeus
997 867 1057 930 hoc
1089 867 1280 951 intellegens

102 973 207 1053 aquia
231 971 393 1036 Christum
418 975 524 1036 ualere
548 991 606 1037 suo
631 972 793 1054 suscipere
816 992 877 1037 nou
898 976 1024 1054 poterat
1043 973 1168 1050 affectu,
1189 993 1280 1055 snpe-

133 1081 215 1143 riora
251 1077 332 1142 uitia
368 1078 449 1142 exire
483 1095 541 1142 suo
573 1062 670 1141 iussit
702 1077 852 1159 hospitio,
886 1083 922 1141 ut
955 1077 1102 1143 Christus
1136 1079 1277 1143 intraret.

133 1185 245 1249 merito
288 1184 388 1269 igitur
429 1176 741 1249 obmurmurantibus
788 1184 872 1266 quod
919 1184 1065 1250 dominus
1106 1186 1197 1249 lesus
1239 1186 1379 1251 aduren

133 1292 293 1356 homiuem
326 1293 524 1371 peccatorem
557 1289 743 1354 diuertisset
772 1310 898 1355 manere
927 1290 1005 1354 dixit
1033 1293 1072 1356 ad
1101 1291 1277 1357 dominnm:

135 1417 226 1463 ecce
260 1397 471 1462 dimidium
504 1396 696 1461 bonorum
731 1416 905 1462 meorum
939 1397 984 1462 do
1017 1399 1278 1482 pauperibus,

90 1509 173 1569 nec
206 1505 239 1569 si
273 1503 337 1568 cui
371 1503 531 1585 aliquid
565 1504 707 1568 fraude
745 1504 912 1581 ahstuli,
950 1504 1072 1570 reddo
1113 1505 1278 1587 quadru-

134 1612 253 1692 plum.
277 1610 308 1674 in
334 1629 396 1692 quo
420 1608 485 1674 illis
508 1609 673 1692 respondit
696 1609 750 1691 qui
770 1609 916 1674 dicebaut
933 1614 1132 1691 peccatorem
1154 1610 1279 1676 Christo

134 1717 309 1799 hospitium
346 1736 406 1781 uon
442 1715 590 1780 debuisse
621 1715 780 1796 praebere,
814 1715 873 1779 hoc
907 1719 970 1780 est:
998 1717 1070 1781 ‘iam
1108 1736 1167 1781 uon
1209 1738 1279 1782 sum

133 1824 333 1907 publicanus,
368 1842 427 1886 uon
462 1823 515 1887 ille
547 1822 738 1900 Zacchaeus,
772 1842 832 1888 nen
865 1823 993 1903 praedo,
1024 1843 1085 1888 non
1109 1824 1278 1888 fraudator.

133 1930 229 1995 reddo
254 1949 333 2012 quae
357 1928 487 2006 sustuli,
512 1928 608 1993 reddo
633 1929 686 2010 qui
711 1930 831 1994 auferre
851 1949 1089 1996 consueueram.
1113 1932 1175 1996 iam
1197 1931 1278 1995 dono

91 2058 114 2094 rs
134 2036 338 2120 pauperibus
363 2054 443 2118 quos
468 2038 540 2099 ante
563 2036 732 2111 nudabam,
756 2037 819 2100 iam
843 2057 913 2102 mea
937 2038 1072 2113 confere,
1098 2039 1151 2119 qui
1176 2037 1280 2102 aliena
1306 2050 1329 2103 B

134 2144 316 2225 rapiebam)
343 2143 495 2226 fugerunt
518 2142 658 2220 crimina,
682 2146 852 2225 postquam
878 2143 1024 2209 Christus
1046 2144 1191 2219 intrauit3
1217 2144 1279 2209 dis·

136 2270 229 2315 cussa
257 2253 307 2314 est
335 2250 438 2313 omnis
467 2249 639 2313 carnalium
669 2250 804 2314 caecitas
832 2251 1028 2333 passionum,
1057 2251 1111 2315 ubi
1136 2254 1280 2315 aeternae

10 2363 86 2442 *³¹7
135 2357 219 2421 uitae
251 2357 359 2420 lumen
387 2356 528 2419 inlusum
557 2363 616 2420 est.
646 2355 782 2420 diximus
811 2357 849 2420 de
877 2357 1107 2441 primogenitis
1137 2358 1280 2421 dicamus

134 2463 229 2527 etiam
253 2463 291 2527 de
315 2462 474 2544 adipibus,
499 2462 672 2544 dequibus
693 2462 770 2526 satis
790 2461 1146 2527 docetDauiddicens:
1173 2464 1281 2527 sicut
1308 2476 1328 2531 C

88 2592 116 2630 oo
136 2569 251 2651 adipe
282 2572 320 2633 et
350 2568 600 2652 pinguedine
624 2569 834 2649 repleatur
857 2568 986 2633 anima
1011 2588 1103 2634 mea.
1133 2574 1165 2633 et
1188 2587 1282 2651 supra

133 2677 193 2741 ait:
227 2679 265 2740 et
298 2675 590 2740 holocaustum
623 2679 735 2738 tuum
768 2675 918 2759 pingue
952 2676 1039 2751 lint,
1072 2676 1131 2741 hoc
1164 2677 1281 2740 docens

133 2783 329 2865 acceptabile
362 2801 431 2846 esse
465 2782 665 2859 sacrificium,
701 2783 785 2864 anod
818 2784 946 2866 pingue,
978 2783 1062 2865 quod
1090 2782 1226 2847 nitidum
1251 2788 1283 2846 et

134 2888 269 2971 quodam
307 2889 424 2971 pabulo
458 2889 529 2953 fidei
563 2907 599 2952 ac
632 2888 810 2954 deuotionis
843 2890 997 2972 uerbique
1030 2890 1176 2954 caelestis
1207 2890 1282 2953 ube-

133 2996 214 3060 riora
252 2995 402 3061 alimonia
439 2995 629 3078 saginatum.
667 2998 847 3078 frequenter
884 3000 1000 3079 pingue
1033 3016 1112 3077 opus
1147 2995 1281 3060 dicimus

103 3103 220 3184 squod
266 3103 407 3185 spissum
450 3107 481 3166 et
523 3122 691 3183 operosum
738 3103 877 3167 uelimus
919 3104 1062 3187 intellegi
1105 3108 1136 3167 et
1177 3104 1283 3185 opima

135 3209 239 3273 hostia
274 3208 474 3293 praedicatur
511 3227 592 3290 quae
630 3229 689 3274 nou
723 3210 766 3274 sit
798 3210 903 3274 tenuis
936 3216 968 3274 et
1000 3210 1100 3275 exilis.
1135 3209 1217 3274 uude
1251 3213 1284 3273 et

136 3315 324 3379 sacrificium
362 3315 480 3398 pingue
516 3319 601 3380 recte
639 3336 870 3398 nuncupamus,
903 3317 987 3398 quod
1020 3316 1160 3400 opimum
1194 3317 1281 3398 cupi·

135 3440 207 3485 mus
235 3421 403 3486 declarare.
436 3422 491 3485 sed
519 3422 615 3486 etiam
643 3422 723 3486 illud
752 3423 940 3487 documento
965 3426 1015 3488 est
1038 3425 1123 3504 qued
1145 3424 1279 3507 pingues
1311 3436 1332 3486 u

225 3667 241 3720 3
260 3666 358 3720 Matth.
379 3667 424 3731 21,-
444 3667 476 3718 12
496 3665 588 3734 (Marc.
612 3667 652 3723 11.
675 3668 707 3717 15
726 3664 783 3720 Ioh.
803 3668 828 3732 2,
850 3667 893 3731 lb)
946 3667 960 3718 7
980 3666 1044 3719 Luc.
1062 3668 1134 3730 rsus
1185 3668 1280 3720 9Luc.

138 3755 216 3822 19,8
309 3756 341 3809 18
365 3755 444 3808 Philo
470 3754 502 3807 de
528 3772 594 3808 sacr.
619 3756 653 3808 40
679 3755 750 3811 (lud.
777 3757 821 3814 11;
847 3755 858 3806 l
884 3755 1114 3820 256‚13('.),cs.
1136 3753 1201 3811 Gon.
1221 3758 1283 3823 4,4

140 3847 172 3897 lu
191 3843 290 3898 Psalur.
309 3843 421 3897 Lxllc
477 3845 507 3896 21
530 3842 628 3897 Psulm.
648 3844 790 3897 Xt'lllll
1231 3851 1232 3855 ’

177 3989 187 4040 1
210 3986 339 4055 religauit
358 3986 400 4038 Μ’
422 3992 452 4051 (a.
474 3987 542 4054 ipr.
563 3991 631 4049 ros)
655 3986 750 4037 rlrl‘P'
771 3992 794 4038 ct
814 3989 861 4038 1113
879 3985 901 4040 S
955 3973 1032 4039 this
1047 3987 1116 4040 BM'
1132 3973 1213 4058 pupi
1228 3995 1284 4051 ret..

140 4079 195 4130 asiai
208 4078 285 4144 sorte
304 4074 428 4128 Christus
448 4075 591 4128 delendum
611 4079 650 4127 cst
703 4074 774 4126 8ad
793 4061 854 4128 ihm
869 4076 896 4127 B
955 4077 1050 4142 ttpost
1069 4075 1198 4127 honorum
1220 4075 1284 4128 (add.

140 4167 257 4220 omnium
273 4164 308 4228 B,
319 4170 384 4233 post
403 4181 521 4217 meorum
544 4164 609 4218 (redd.
630 4149 681 4216 dmi
700 4164 727 4216 P
744 4164 857 4217 diurnae.
879 4167 959 4217 2549
978 4169 1002 4216 ct
1022 4167 1118 4215 14399
1163 4166 1193 4217 ld
1214 4165 1287 4233 quod

142 4262 203 4317 (om.
224 4253 321 4308 sustuli
341 4252 424 4306 reddo
444 4254 500 4323 qui)
522 4253 548 4304 B
