2836 4822
391 348 537 402 Exameron
556 349 600 404 III
620 351 644 413 1,
663 351 733 405 3—5
770 351 794 420 (1
813 352 848 405 33
867 350 965 405 1)-34
983 352 1029 421 D).
1232 356 1272 419 61

61 547 81 609 4
129 545 241 609 dianus
271 549 381 611 coetus
411 550 556 630 augetur.
585 546 677 629 palus
702 549 752 610 est
773 547 908 624 luxuria,
932 549 1024 630 palus
1049 552 1099 612 eat
1121 547 1274 630 intempe-

128 653 238 729 rantia,
271 653 362 734 palus
397 658 447 718 est
477 653 714 730 incontinentia,
747 653 779 717 in
813 673 874 736 qua
907 655 1075 719 uolutahra
1106 655 1275 719 libidinum

128 763 211 835 suut,
239 759 415 825 bestiarum
444 781 616 839 murmura,
639 761 774 826 latibula
796 761 993 844 passionum,
1018 761 1074 826 nihi
1097 766 1276 826 mersantur

127 867 320 950 quicumque
348 867 516 933 inciderint
545 871 577 932 et
604 887 665 933 non
695 871 869 952 emergunt,
900 867 954 931 ubi
982 868 1131 933 labuntur
1158 868 1275 950 pedum

96 974 275 1056 suestigia,
313 974 440 1039 fluitant
473 975 672 1057 singulorum
705 975 861 1052 incessus,
894 974 950 1038 uhi
983 974 1097 1039 fulicae
1132 994 1165 1039 se
1199 973 1275 1039 dum

125 1081 235 1144 lauant
257 1080 415 1162 polluunt,
436 1081 491 1145 uhi
510 1080 632 1146 flebiles
657 1082 794 1163 desuper
811 1081 950 1165 gemitus
971 1080 1200 1158 columbarum,
1221 1082 1316 1148 ubiB

125 1187 217 1271 pigra
248 1187 378 1252 testudo
412 1206 544 1252 caenoso
577 1188 686 1252 haeret
720 1188 751 1252 in
785 1188 929 1272 gurgite:
965 1187 1098 1269 denique
1132 1207 1205 1270 aper
1242 1189 1273 1252 iu

125 1291 252 1375 palude,
287 1312 400 1358 ceruus
430 1293 470 1358 ad
496 1295 612 1360 fontes.
642 1314 676 1359 er
706 1295 791 1360 omni
818 1295 917 1380 igitur
944 1295 1070 1378 palude,
1100 1295 1155 1359 ubi
1182 1296 1274 1378 quasi

126 1416 217 1462 ranae
247 1401 388 1464 ueterem
413 1400 566 1464 canebant
590 1401 773 1483 querellam,
798 1403 991 1485 congregata
1014 1404 1064 1465 est
1086 1399 1177 1476 fides,
1202 1420 1273 1466 con·

88 1532 109 1573 1o
127 1507 258 1589 gregata
282 1509 331 1569 est
353 1506 473 1589 puritas
498 1498 798 1587 animi'mentisque
823 1507 1022 1589 simplicitas.

71 1611 86 1671 5
171 1611 371 1696 Congregate
399 1615 449 1677 est
476 1632 558 1696 equa
587 1632 622 1677 ex
651 1614 736 1678 omni
764 1613 837 1678 lacu
867 1617 899 1678 et
927 1633 963 1678 ex
992 1614 1076 1678 omni
1104 1615 1208 1692 fouea,
1237 1618 1273 1679 ut

126 1737 218 1783 nemo
234 1719 360 1783 foueam
374 1720 464 1784 fratri
479 1739 548 1795 suo,
567 1721 599 1784 in
619 1739 714 1800 quam
734 1720 801 1801 ipse
821 1720 1068 1804 incidat,pa1·et,
1089 1720 1144 1785 sed
1164 1740 1272 1785 omnes

127 1843 159 1888 se
182 1824 321 1890 inuicem
345 1825 490 1909 diligant,
515 1846 623 1892 omnes
648 1847 681 1891 se
705 1827 843 1891 inuicem
862 1827 991 1893 foueant
1010 1830 1042 1891 et
1062 1827 1151 1909 quasi
1171 1846 1271 1891 3333
1296 1837 1316 1893 C

126 1951 240 2015 corpus
277 1933 404 1998 diuersa
440 1953 474 1998 se
510 1934 652 1999 membre
689 1937 878 2012 sustentent,
913 1953 993 2016 quos
1025 1953 1086 1998 non
1119 1932 1273 1997 mortiferi

84 2043 237 2105 1503111110
266 2048 481 2106 toreumatum
510 2041 738 2118 scaenicorum,
767 2059 847 2123 quae
875 2044 1014 2105 mentem
1043 2040 1206 2105 emolliant
1234 2038 1273 2104 ad

126 2165 258 2225 amores,
283 2147 339 2212 sed
364 2152 533 2213 concentus
558 2149 720 2222 ecclesiae,
746 2148 803 2213 sed
826 2167 963 2213 consona
986 2148 1070 2213 circa
1093 2149 1143 2213 dei
1162 2148 1272 2214 laudes

126 2254 236 2337 populi
270 2273 330 2319 uox
360 2257 392 2318 et
419 2255 472 2338 pio
499 2255 568 2320 uita
596 2255 742 2333 delectet,
773 2256 888 2337 quibus
917 2275 978 2320 non
1008 2274 1166 2339 purpurea
1193 2255 1273 2337 peri-

126 2364 313 2442 petasmata,
333 2381 393 2426 uon
414 2363 524 2427 aulaea
543 2363 683 2445 pretiosa
702 2366 845 2444 spectare
865 2363 1024 2445 uoluptati
1044 2362 1096 2438 sit,
1117 2362 1173 2427 sed
1192 2362 1272 2428 hano

126 2468 371 2550 pulcherrimam
409 2469 519 2533 mundi
560 2469 722 2546 fabricam,
764 2470 844 2534 hanc
886 2469 1074 2534 distantium
1115 2469 1196 2532 inter
1237 2459 1281 2532 se¹

76 2596 109 2638 so
126 2575 352 2639 elementomm
381 2575 538 2658 copulam,
568 2576 690 2641 caelum
724 2576 809 2640 sicut
841 2594 997 2641 cameram
1031 2577 1201 2653 extentum,
1235 2579 1315 2639 331)

125 2680 337 2746 inhabitantes
360 2681 392 2746 in
416 2682 476 2748 hoc
495 2682 612 2748 mundo
631 2686 730 2766 tegat,
750 2687 865 2747 terram
885 2681 1135 2765 adoperandum
1155 2681 1270 2758 datam,

125 2786 276 2852 diffusum
305 2806 421 2864 aerem,
450 2789 560 2854 clausa
587 2789 695 2865 maria,
724 2790 880 2871 populum
907 2789 990 2852 hunc
1015 2787 1140 2852 diuinae
1164 2807 1271 2870 opera-

124 2893 222 2959 tionis
251 2912 415 2978 organum,
444 2895 475 2959 in
500 2915 561 2977 quo
587 2895 687 2960 diuini
710 2895 913 2959 modulamen
936 2896 1073 2960 resultet
1096 2894 1215 2958 oraculi
1240 2898 1272 2960 et

124 2999 175 3065 dei
190 3001 320 3083 spiritus
340 3000 427 3066 intus
448 3003 603 3084 operetur,
623 3002 780 3084 templum
798 3001 896 3076 istud,
917 3002 1088 3068 sacrarium
1107 3003 1269 3078 trinitatis,

77 3134 104 3174 33
124 3107 303 3173 sanctitatis
332 3107 541 3201 domicilium,
570 3108 738 3173 ecclesiam
767 3111 919 3185 sanctam,
953 3108 983 3172 in
1018 3129 1079 3190 qua
1111 3110 1271 3194 refulgent

213 3335 229 3387 ’1
247 3333 347 3387 Ρ3313.
367 3332 522 3387 LXXVIIII
542 3333 586 3396 14,
604 3333 716 3387 xxxxi
734 3334 751 3386 2
876 3336 909 3389 12
927 3333 1055 3388 Prouerb.
1076 3337 1118 3400 26,
1138 3336 1172 3390 27
1198 3335 1268 3390 Ε331.

122 3425 165 3484 10,
185 3423 203 3478 8
222 3422 273 3477 Sir.
292 3423 336 3487 21,
355 3423 391 3477 26
411 3423 468 3490 (29)
525 3422 561 3477 20
579 3423 652 3477 Esei.
671 3424 715 3485 40,
735 3425 769 3478 22

160 3547 298 3601 lluxoria
318 3551 469 3612 (cornmd)
488 3546 605 3614 C(corr.
625 3552 681 3614 m2)
700 3548 754 3603 GP
825 3552 866 3602 ost
886 3549 936 3602 cll.
955 3565 976 3602 3.
995 3565 1024 3602 a.
1042 3549 1134 3603 m3C
1186 3552 1268 3620 ipe-

122 3635 186 3689 dum
209 3634 340 3689 033211
356 3651 408 3690 om.
427 3641 476 3689 cet.
550 3637 680 3690 6133333
701 3636 723 3691 0
742 3642 822 3702 (corr.
841 3642 898 3705 m3)
921 3637 947 3692 G
967 3641 1047 3702 (corr.
1066 3641 1124 3705 m2)
1144 3639 1171 3691 P
1189 3641 1268 3701 (corr.

120 3728 173 3791 ml)
246 3725 355 3796 pellunt
374 3730 454 3791 (corr.
474 3731 532 3793 m3)
555 3727 578 3779 0
596 3730 676 3792 (corr.
695 3732 753 3792 332)
776 3727 830 3783 GP
890 3730 905 3782 7
925 3745 1020 3783 cenoso
1042 3726 1063 3780 ll
1085 3733 1111 3794 (o
1131 3729 1180 3783 313.
1200 3744 1268 3782 exn

120 3819 169 3869 m2
189 3815 225 3882 G)
288 3817 321 3870 12
341 3822 418 3886 paret
436 3814 471 3878 11,
490 3832 541 3870 om.
560 3823 619 3879 cet,
638 3818 686 3886 poi
704 3817 791 3871 fodiat
810 3825 860 3873 aut
880 3824 946 3873 onte
964 3820 1070 3873 foueam
1090 3820 1157 3876 odd.
1178 3820 1267 3887 (NB)

121 3903 624 3973 33333333333131113332333)
670 3906 702 3960 15
722 3907 867 3961 cantusM
882 3912 908 3962 ct
925 3907 1005 3962 mlS
1021 3913 1116 3962 cantus
1136 3917 1164 3962 et
1182 3909 1206 3964 S
1221 3914 1269 3963 m2

120 3998 168 4047 cet.
244 3996 426 4047 3333333333
445 3993 482 4048 Μ
498 3994 708 4048 acroamatioum
726 3995 749 4048 S
767 4000 932 4049 acromatum
951 4002 999 4050 cel.
1085 3998 1267 4052 scaenicorum

119 4080 179 4136 MS
195 4082 361 4136 scenicorum
380 4087 427 4136 333.
466 4084 499 4137 16
518 4086 546 4136 et
565 4099 683 4137 consono
700 4084 762 4136 Atr.
780 4083 864 4137 Caro.
883 4083 959 4148 Tell,
979 4090 1050 4138 recte
1063 4091 1134 4153 puto
1172 4087 1204 4140 17
1220 4085 1267 4140 de·

119 4170 377 4226 1333330332οΡ
450 4171 485 4225 20
504 4175 644 4227 extensum
665 4171 749 4226 Gm2
766 4172 833 4226 N‘B
910 4174 944 4227 22
965 4173 1088 4226 diffusam
1108 4177 1189 4238 (corr.
1208 4178 1265 4241 m3)

122 4260 244 4325 Cloorr.
265 4261 323 4328 m2)
344 4258 398 4313 GP
