2836 4822
340 355 487 409 Exameron
506 353 549 409 111
570 358 592 410 1.
613 356 637 420 2,
658 357 727 411 6-8
766 357 789 423 (Ι
808 358 842 412 34
861 357 953 413 E-35
974 359 1015 424 E).
1213 363 1255 425 63

111 551 238 628 nostn's,
273 551 389 634 quibus
422 552 631 616 tractauimus
664 553 859 618 inuisibilem
892 554 963 618 ideo
997 555 1097 620 fuisse
1130 559 1254 634 terram,

109 657 193 741 quod
222 658 313 740 aquis
342 663 451 742 operta
478 662 649 744 tegeretur,
679 662 716 723 ut
744 661 902 743 corporeis
932 662 1033 727 oculis
1062 683 1122 728 non
1146 666 1257 744 posset

109 764 218 831 uideri.
244 765 283 828 ad
306 785 340 830 se
365 765 448 830 enim
472 766 626 849 propheta
648 766 783 844 rettulit,
809 768 868 832 hoc
893 771 942 832 est
965 768 1004 833 ad
1024 773 1162 834 nostram
1183 789 1255 834 con·
1279 778 1304 835 (5

109 872 275 950 dicionem,
308 892 368 937 non
403 872 443 936 ad
475 873 601 938 diuinae
633 874 833 940 maiestatem
866 879 1007 954 naturae,
1037 896 1116 957 quae
1143 877 1255 959 ntique

79 979 216 1043 somnia
243 979 342 1045 uidet.
372 979 428 1045 sed
456 982 494 1043 nt
517 979 691 1046 aduertatis
716 982 873 1063 quianon
898 983 989 1065 quasi
1013 983 1113 1048 nostri
1136 984 1256 1068 ingenii

109 1085 263 1168 probandi
296 1087 408 1170 gratia,
443 1086 499 1151 sed
528 1090 654 1152 uestrae
683 1107 780 1153 cansa
807 1089 1026 1155 instructionis
1054 1091 1255 1174 suscepimus

109 1193 192 1257 bunc
220 1193 375 1257 tractandi
405 1192 555 1269 laborem,
584 1194 831 1276 adstipulantem
855 1195 946 1260 nobis
969 1197 1116 1262 lectionis
1141 1198 1254 1262 seriem

109 1299 325 1376 testificamur,
354 1320 433 1382 quae
462 1306 568 1385 aperte
596 1300 708 1384 probat
735 1306 809 1384 post
836 1303 1111 1386 congregationem
1144 1322 1254 1387 aquae,

110 1426 188 1490 quae
217 1410 284 1471 erat
311 1426 407 1491 super
434 1410 559 1484 terram,
589 1411 621 1472 et
648 1412 722 1491 post
749 1408 975 1473 deriuationem
1005 1409 1074 1473 eius
1102 1410 1134 1475 in
1157 1412 1255 1475 man'a

73 1529 93 1568 n
110 1514 293 1596 apparuisse
308 1514 437 1578 aridam.
453 1501 597 1580 desinant
614 1534 688 1599 ergo
698 1515 788 1579 nobis
800 1514 973 1580 dialecticis
985 1515 1254 1598 disputationibus
1273 1526 1303 1580 Ι)

110 1639 237 1686 monere
260 1620 388 1705 negotia
411 1619 570 1685 dicentes:
592 1621 750 1704 quomodo
769 1624 851 1685 terra
870 1620 1055 1701 inuisibilis,
1075 1642 1147 1688 curn
1168 1623 1254 1688 omni

111 1726 233 1810 corpori
261 1727 447 1792 naturaliter
475 1728 597 1810 species
626 1734 658 1792 et
685 1728 771 1792 color
798 1727 884 1807 insit,
909 1728 1012 1794 omnis
1037 1734 1143 1795 autern
1168 1732 1255 1795 color

112 1834 152 1898 sit
177 1834 343 1899 subiectus
369 1835 541 1917 aspectui?
564 1835 680 1899 clamat
704 1834 755 1899 dei
779 1855 857 1900 uon:
883 1840 1136 1921 congregetur
1160 1857 1255 1920 aqua

112 1945 146 2005 et
175 1944 353 2024 appareat
381 1942 493 2007 arida.
524 1945 554 2005 et
582 1942 698 2006 iterum
722 1941 878 2024 scriptura
902 1942 996 2008 dicit:
1022 1948 1254 2029 congregata

72 2060 95 2101 1⁵
112 2051 167 2112 est
195 2066 289 2130 aqua
316 2047 352 2111 in
381 2048 711 2132 congregationem
735 2068 853 2125 unam,
878 2052 914 2114 et
937 2051 1114 2132 apparuit
1137 2050 1253 2116 arida

110 2154 186 2238 quid
200 2173 280 2236 opus
295 2155 357 2220 fuit
370 2156 493 2232 iterare,
508 2155 569 2219 nisi
584 2156 810 2220 occurrendum
826 2157 1066 2238 quaestionibus
1080 2157 1255 2222 indicasset

109 2262 287 2345 propheta?
306 2281 406 2326 nonne
425 2262 553 2326 uidetur
572 2261 694 2327 dicere:
715 2281 775 2326 non
790 2262 853 2327 dini
867 2263 1062 2329 inuisibilem
1078 2264 1254 2329 secundum

110 2372 264 2446 naturam,
302 2369 357 2433 sed
394 2368 568 2434 secundnm
608 2368 861 2450 superfusionem
898 2374 1075 2452 aquarum?
1117 2371 1251 2454 denique
1275 2379 1304 2434 Β

110 2474 231 2539 addidit
264 2474 389 2540 sublato
424 2476 583 2540 uelamine
615 2476 800 2558 apparuisse
828 2475 957 2554 aridam,
987 2496 1066 2558 quae
1094 2482 1165 2542 ante
1192 2497 1254 2542 non

18 2558 36 2621 8
64 2581 286 2645 opinabatur.
310 2582 426 2647 iterum
450 2583 651 2664 quaestiones
676 2582 753 2646 alias
778 2588 887 2646 serunt
903 2582 1063 2651 dicentes:
1084 2583 1111 2647 si
1131 2585 1162 2648 in
1182 2603 1254 2649 con·

111 2688 347 2772 gregationibns
363 2689 498 2753 diuersis
513 2709 594 2772 aqna
610 2693 686 2764 erat,
702 2688 860 2771 quomodo
871 2689 982 2754 siillae
993 2691 1254 2775 congregationes

109 2794 140 2857 in
171 2795 388 2877 superioribus
417 2799 516 2874 erant,
544 2815 604 2860 non
630 2794 788 2859 defluebat
810 2813 892 2876 aqna
915 2796 953 2860 ad
978 2799 1190 2875 camdenum,
1215 2796 1254 2860 ad

111 2919 203 2982 quem
212 2904 287 2983 post
297 2900 416 2966 domini
426 2902 592 2984 imperium
603 2902 746 2966 deriuata
756 2903 825 2967 est?
838 2938 879 2947 —
889 2905 1001 2968 natura
1010 2903 1093 2967 enim
1102 2922 1254 2985 aquarum

110 3011 222 3091 sponte
246 3007 278 3072 in
302 3006 449 3073 inferiora
472 3009 648 3091 prolabitur
666 3047 709 3057 —
730 3010 778 3074 sin
798 3030 872 3076 uero
891 3010 923 3075 in
942 3010 1143 3076 inferioribus
1167 3013 1257 3074 erant

201 3232 234 3285 no
253 3231 315 3288 aas.
335 3231 370 3285 so
389 3233 422 3296 n,
442 3233 474 3286 sn
496 3233 517 3286 1
538 3232 583 3297 (33
602 3232 634 3295 n,
654 3234 688 3287 34
708 3231 742 3302 Α)
804 3233 838 3287 14
857 3231 923 3289 cea
944 3234 968 3296 1,
990 3234 1023 3288 ro
1084 3234 1119 3287 ao
1137 3232 1199 3288 aas.
1220 3234 1252 3288 sn

109 3321 156 3374 sn
178 3321 223 3385 (34
243 3321 300 3391 nc)

145 3445 303 3514 2opertam
325 3443 375 3512 (C)
397 3449 433 3508 (m
454 3451 536 3513 cros.)
572 3444 715 3500 drettuiit
732 3445 757 3502 a
776 3446 829 3516 (ret
848 3463 881 3501 cx
899 3445 937 3516 re)
956 3447 1052 3500 retulit
1070 3452 1117 3500 cet.
1155 3447 1254 3501 bean·

109 3531 426 3599 eeesstcausa6m2)
483 3534 658 3597 tierent(C)
680 3533 895 3599 ecanaobv
948 3533 1261 3600 dirinationem(C)PS

109 3648 307 3702 deriuationem
327 3653 373 3703 cet.
442 3666 515 3703 mare
534 3648 612 3720 (th
630 3649 850 3708 anseprand
904 3650 937 3704 10
955 3651 1034 3704 uobis
1053 3616 1188 3704 dialeticis
1209 3617 1256 3716 (eet

108 3739 269 3792 iuream.
290 3740 360 3791 anti
381 3739 431 3803 (G)
507 3740 539 3793 12
559 3756 669 3808 corpore
690 3739 740 3807 (C)
814 3740 847 3794 15
867 3742 947 3793 ests.
967 3756 993 3793 u.
1015 3739 1064 3807 (G)
1142 3756 1255 3809 congre·

108 3827 249 3896 gationern
269 3843 349 3880 unam
368 3826 452 3881 MSB
472 3828 683 3897 congregatione
703 3843 757 3880 nna
775 3832 823 3884 cet.
881 3828 912 3881 16
931 3826 1036 3881 indicas
1057 3827 1108 3894 (C)
1160 3829 1193 3882 17
1214 3827 1254 3881 di·

108 3916 150 3970 xit
165 3915 246 3980 (C)V
283 3917 315 3970 19
335 3914 429 3970 addidi
449 3917 528 3986 (CJV
546 3922 571 3971 et
588 3917 613 3972 G
633 3915 699 3982 (·dit
717 3918 774 3982 m2)
792 3916 888 3970 addedi
904 3918 984 3986 (corr.
999 3917 1052 3985 mli
1065 3916 1258 3974 Panditur*

108 4004 145 4058 20
164 4006 263 4058 iterum
283 4021 390 4074 quoque
409 4004 468 4060 MS
540 4005 607 4059 alias
626 4009 751 4059 esserunt
766 4007 815 4072 (L)
835 4005 881 4059 alii
902 4006 1063 4061 asserunttl
1083 4006 1103 4075 (i
1123 4006 1171 4059 alt.
1191 4021 1212 4058 3.
1225 4022 1254 4061 u.

108 4096 166 4161 332)
187 4095 220 4149 a*
240 4094 282 4158 (in
300 4098 492 4162 quaeserunt)
514 4093 573 4165 S(i
594 4095 643 4148 alt.
663 4094 786 4163 exp.)M
832 4095 864 4148 21
887 4094 1050 4165 qnornott')
1100 4094 1134 4148 22
1154 4093 1255 4146 deflue-

109 4183 178 4235 bant
196 4182 258 4252 (om.
279 4186 358 4250 aqna)
380 4180 430 4249 (C)
492 4181 521 4235 id
541 4185 598 4247 (m2
617 4181 662 4249 ad)
682 4198 743 4236 eum
761 4182 789 4235 P
832 4184 866 4237 ‘23
886 4182 1005 4236 dirinata
1023 4181 1073 4253 (C)
1093 4181 1261 4235 deriuataP

110 4272 131 4335 (i
149 4287 170 4324 a.
192 4286 206 4324 e
225 4275 282 4336 m2)
