2836 4822
153 317 221 394 268
629 328 824 382 Ambrosii

156 525 193 587 in
233 523 425 605 paradiso
464 527 501 586 et
538 524 693 605 lignum
732 522 935 587 scientiae
976 521 1071 586 honi
1114 524 1153 586 et
1194 521 1303 585 mali.

155 634 268 711 postea
292 630 472 694 uidebimus
506 634 614 694 utrum
640 634 671 693 et
693 631 753 694 hoc
777 629 901 712 lignum
927 629 1105 710 speciosum
1131 627 1170 692 ad
1193 647 1307 710 aspeo-

155 739 225 800 tum
255 739 286 799 et
314 736 433 799 bonum
462 736 498 799 ad
529 755 633 800 eseam
662 735 758 800 fuerit
787 737 871 800 sieut
901 738 1014 799 cetera.
1044 753 1080 799 eo
1116 735 1198 799 enirn
1231 736 1305 801 loeo

155 843 216 907 hoe
241 843 427 924 oportunius
453 842 679 925 disputabitur,
705 864 766 924 quo
792 843 951 907 hominem
977 862 1013 906 ex
1035 841 1095 905 hoe
1120 845 1305 925 gustantem

153 949 335 1013 inuenimus
380 969 448 1012 esse
492 949 670 1031 deceptum.
713 949 840 1013 interim
882 949 962 1012 nihil
1003 948 1170 1026 hahemus,
1218 948 1349 1030 quoda

155 1075 239 1119 nune
254 1054 481 1135 reprehendere
498 1055 681 1132 debeamus,
697 1055 759 1118 etsi
774 1055 928 1118 rationem
946 1054 1026 1119 seire
1042 1073 1103 1118 non
1118 1071 1305 1136 possumus.

157 1182 259 1245 neque
284 1161 420 1225 enimin
446 1162 504 1225 hae
529 1166 673 1225 ereatura
696 1161 816 1239 mundi,
842 1162 868 1223 si
893 1181 955 1244 qua
979 1161 1070 1225 nobis
1095 1159 1239 1225 difficilia
1257 1159 1305 1223 in·
1370 1173 1392 1226 Ε

155 1270 290 1333 tellentu
319 1268 468 1332 uidentur
496 1272 528 1332 et
555 1268 879 1351 inconprehensibilis
907 1268 1032 1350 ingenio
1062 1271 1180 1344 nostr0,
1204 1269 1305 1331 teme-

154 1376 236 1439 rario
277 1374 411 1456 quodam
453 1374 604 1439 debemus
643 1375 851 1439 condemnare
889 1374 1017 1440 iudicio.
1057 1378 1093 1438 ut
1125 1376 1304 1437 ereaturam

154 1482 350 1563 serpentium
385 1483 593 1565 arenenatique
627 1482 763 1546 alieuius
798 1482 977 1562 animantis,
1012 1481 1127 1563 quippe
1155 1480 1304 1544 homines
1324 1504 1350 1542 ao

154 1608 218 1670 qna
246 1589 366 1652 ratione
395 1589 523 1672 singula
551 1609 694 1671 quaeque
724 1590 788 1654 sint
815 1590 899 1654 iacta
927 1589 1112 1673 intellegere
1141 1587 1245 1652 adhue
1270 1589 1303 1650 et

154 1697 237 1760 seire
271 1714 330 1758 non
362 1714 546 1777 possumus.
581 1697 627 1760 sio
661 1716 735 1780 ergo
772 1700 802 1761 et
834 1697 864 1760 in
899 1695 1065 1780 seripturis
1094 1693 1211 1758 diuinis
1239 1712 1301 1757 non

156 1802 248 1866 facile
271 1802 538 1884 reprehendamus
563 1802 682 1884 aliquid
708 1803 791 1885 quod
814 1803 999 1886 intellegere
1023 1821 1083 1867 non
1107 1819 1300 1884 possumusr

156 1911 231 1971 sunt
259 1908 342 1971 enim
371 1908 508 1991 plurima
537 1929 617 1990 quae
645 1930 706 1974 non
736 1913 842 1974 nostro
871 1910 997 1994 ingenio
1026 1907 1185 1972 metienda
1214 1909 1300 1981 snut,

156 2015 212 2079 sed
233 2034 269 2078 ex
289 2014 455 2078 altitudine
476 2016 601 2080 diuinae
622 2016 839 2098 dispositionis
855 2020 886 2080 et
902 2016 991 2080 uerbi
1006 2018 1081 2080 sunt
1094 2001 1301 2079 aestimanda.
1321 2028 1388 2081 ras

109 2127 238 2202 Spone
268 2122 361 2197 euim,
392 2123 458 2186 sine
486 2123 680 2204 praeiudicio
708 2127 815 2187 tannen
844 2122 1033 2187 adsertionis
1061 2122 1197 2197 sarturae,
1225 2119 1299 2184 ideo

155 2227 214 2290 tihi
247 2227 306 2292 hoo
338 2229 461 2312 lignum
495 2230 532 2292 de
566 2230 700 2293 seientia
732 2229 807 2294 honi
840 2233 872 2293 et
905 2229 980 2293 mali
1013 2228 1190 2312 displicere,
1224 2227 1301 2308 qnia

156 2337 363 2416 posteaquam
392 2339 604 2418 gustanerunt
628 2356 662 2400 er
687 2333 726 2400 eo
747 2337 901 2413 homines,
925 2336 1147 2399 intellexerunt
1170 2351 1240 2397 esse
1266 2352 1300 2397 se

154 2439 276 2504 nudos:
297 2443 435 2504 attamen
455 2443 493 2505 ad
513 2444 818 2507 consummationem
840 2441 966 2506 diuinae
987 2440 1178 2524 operationis
1194 2439 1299 2503 dicam

153 2536 214 2609 tibi
244 2548 276 2609 et
303 2546 362 2610 hoo
390 2547 513 2632 lignum
542 2550 572 2612 in
602 2550 747 2631 paradiso
778 2552 919 2614 exortum
948 2552 979 2613 et
1007 2548 1077 2613 ideo
1102 2567 1120 2612 a
1144 2547 1202 2611 deo
1226 2565 1299 2611 esse
1319 2571 1347 2611 ao

150 2653 356 2734 permissum,
380 2658 417 2718 ut
435 2657 595 2736 possimus
616 2657 914 2737 supereminentiam
933 2656 1008 2720 boni
1027 2656 1117 2720 seire.
1137 2652 1298 2737 quomodo

151 2759 247 2834 enim,
283 2761 309 2824 si
343 2780 404 2824 non
438 2767 524 2825 esset
557 2762 690 2826 seientia
721 2763 796 2827 boni
830 2767 861 2825 et
893 2763 979 2839 mali,
1008 2762 1091 2826 inter·
1116 2761 1238 2825 bonum
1267 2763 1300 2823 et
1346 2769 1414 2823 1482

152 2868 274 2929 malum
304 2866 524 2930 discretionem
555 2867 694 2949 aliquam
724 2868 944 2932 disceremus?
972 2886 1044 2930 nam
1077 2885 1179 2948 neque
1211 2866 1299 2948 quod

152 2974 273 3037 malum
299 2976 366 3037 erat
388 2974 506 3037 malurn
531 2973 745 3037 indicaremus
771 2993 851 3050 esse,
876 2974 938 3038 nisi
963 2977 1050 3038 esset
1069 2973 1203 3038 seientia
1221 2974 1299 3038 boni

152 3118 194 3124 -
220 3080 352 3143 scientia
377 3082 483 3143 autem
507 3080 580 3143 honi
606 3099 675 3144 esse
700 3100 760 3143 non
784 3084 902 3162 posset,
928 3080 988 3144 nisi
1012 3084 1100 3144 esset
1122 3083 1155 3145 et
1177 3080 1298 3144 bonum
1317 3107 1344 3147 aa

151 3222 193 3229 —·—
219 3205 320 3266 neque
343 3206 453 3250 rursus
477 3187 562 3269 quod
586 3187 705 3250 honum
730 3191 796 3251 erat
819 3187 975 3252 sciremus
993 3186 1112 3250 bonum
1133 3205 1214 3263 esse,
1235 3186 1300 3250 nisi

243 3402 275 3454 18
296 3401 361 3456 tien.
382 3403 406 3463 3,
426 3404 441 3454 i

190 3525 202 3576 l
224 3527 252 3576 ot
267 3541 310 3591 pr.
332 3541 382 3578 eru.
401 3525 438 3576 M
526 3529 542 3579 ‘2
562 3527 712 3581 uidebimus
737 3525 856 3591 1⁷(1Jis.
877 3531 916 3592 u.)
936 3528 1075 3581 uideamus
1095 3528 1298 3594 (as.u.)P1)

149 3611 274 3665 uidemus
288 3614 350 3665 AF
424 3616 578 3668 eteulll
631 3617 811 3671 3etom.M
880 3617 1123 3682 eninrA(es.u.)
1195 3615 1301 3670 lucilii

148 3703 168 3755 4
187 3705 341 3771 gustantem
361 3703 480 3757 APVM
497 3709 652 3773 gustantem
671 3706 746 3774 ligno
765 3707 793 3758 B
811 3706 897 3775 (ligno
915 3707 946 3758 iu
964 3716 1026 3775 my.)
1046 3711 1093 3760 eet.
1172 3707 1189 3760 6
1208 3706 1298 3774 possi·

150 3807 209 3845 mus
224 3791 250 3844 P
268 3794 295 3861 (v
308 3809 329 3845 s.
346 3792 355 3844 i
370 3792 426 3857 m2)
444 3794 472 3843 (⁰
529 3794 543 3845 7
564 3798 686 3846 ereatura
702 3798 744 3847 eet
760 3795 784 3846 P
798 3797 851 3851 (est
865 3797 936 3862 exp.)
955 3795 978 3847 G
991 3798 1043 3858 (est
1057 3797 1139 3862 eras.)
1196 3795 1213 3848 9
1232 3811 1297 3848 oon-

147 3878 295 3949 dempnare
315 3880 501 3932 APRWV‘
520 3888 545 3935 et
565 3886 591 3951 ip
611 3897 631 3933 s.
651 3899 677 3934 u.
698 3886 755 3945 ua2)
778 3883 801 3932 (ἶ
880 3885 909 3937 11
931 3883 1091 3952 intellegere
1111 3887 1150 3948 (ro
1167 3897 1189 3939 a.
1208 3887 1249 3947 u.)
1270 3888 1297 3937 A

150 3970 182 4022 13
201 3969 266 4021 iude
285 3987 303 4020 o
323 3969 548 4038 reprehendamus
568 3988 651 4039 usque
671 3971 709 4022 ad
724 3976 758 4036 (c.
777 3975 826 4026 is.
843 3974 894 4038 35)
910 3971 1067 4034 insufflatio,
1083 3970 1186 4025 tructus
1201 3973 1298 4027 mnia

147 4056 346 4111 interciderunt
369 4059 400 4110 iu
419 4059 483 4111 Al).
509 4059 607 4112 deuant
630 4061 661 4111 r'n
679 4061 705 4112 Α
728 4060 801 4127 solia
825 4061 912 4114 decem
1031 4061 1064 4114 14
1091 4059 1249 4124 mentienda
1268 4061 1300 4114 P

149 4145 181 4197 18
209 4163 238 4198 se
259 4163 316 4199 esse
336 4147 440 4200 B('‘P¹¹
549 4149 583 4201 ‘25
613 4149 723 4216 honum]
743 4149 842 4201 rualum
862 4149 899 4201 M
914 4149 979 4202 unali
998 4149 1033 4202 Ρ*
1052 4149 1166 4202 seientia
1184 4149 1250 4204 mali
1270 4150 1298 4204 B

145 4232 180 4286 26
201 4251 304 4286 rursum
324 4235 372 4289 ΕΒ
