2836 4822
131 343 196 407 470
599 338 795 392 Ambrosii

131 536 278 600 uidentur
316 555 427 600 sensus
466 555 536 600 esse
570 533 733 617 sapientie,
766 533 911 597 uolatilia
943 536 1050 596 autem
1083 531 1280 605 intellectus,
1341 541 1360 594 Β

131 643 185 725 qui
209 647 284 707 sunt
308 643 401 726 longe
426 642 608 708 subtiliores
633 644 728 724 atque
752 640 900 704 leuiores.

78 754 120 818 80
174 750 267 814 Nunc
293 769 366 814 uero
391 750 626 814 consideremus
652 747 838 832 diligentius
864 747 939 828 quid
965 746 1007 810 sit
1030 746 1116 827 quud
1140 747 1186 810 ait
1207 747 1281 829 quia

133 856 236 921 dixit
261 857 448 920 dominus
474 856 572 919 deus
597 855 850 938 recogitans:
875 874 949 919 non
970 853 1144 918 adiciam
1163 855 1281 917 male·

133 963 268 1027 dicere
299 966 446 1026 terram
478 966 645 1045 propter
676 981 796 1044 opera
827 961 1039 1037 bominum,
1071 961 1166 1042 quia
1199 981 1281 1043 per·
1311 982 1322 1017 e

132 1074 264 1133 manet
287 1089 355 1134 eor
378 1071 556 1135 hominis
583 1070 810 1152 diligenter
835 1088 957 1150 super
980 1071 1083 1134 mala
1107 1069 1281 1133 sinuen-

131 1180 230 1240 tute.
264 1196 324 1242 non
355 1197 428 1260 ergo
453 1177 556 1240 adhuc
581 1176 675 1240 addet
698 1179 862 1259 percutere
886 1195 1010 1242 omnem
1036 1195 1171 1250 carnem,
1197 1177 1282 1242 sicut

130 1283 217 1360 fecit,
251 1284 397 1348 omnibus
432 1285 542 1348 diebus
577 1287 686 1347 terrae.
721 1283 779 1347 etsi
809 1283 1027 1348 uindicauerat
1053 1283 1085 1346 in
1113 1284 1280 1348 hominum

131 1411 241 1474 genus,
281 1396 385 1454 tamen
425 1394 616 1474 cognouerat
650 1390 722 1471 quia
760 1390 902 1454 uindicta
938 1391 1019 1474 legis
1057 1390 1096 1452 ad
1132 1390 1280 1455 timorem

130 1496 256 1579 prolicit
279 1503 310 1562 et
333 1498 543 1580 cognitionem
570 1496 729 1561 doctrinae
750 1496 851 1580 magis
872 1515 967 1578 quam
987 1497 1026 1560 ad
1045 1501 1173 1561 naturae
1194 1515 1322 1563 com-10
1344 1498 1361 1554 t?

131 1605 350 1681 mutationem,
376 1624 454 1686 qliae
480 1604 593 1686 corrigi
617 1605 647 1666 in
673 1603 833 1683 aliquibus
857 1608 974 1684 potest,
994 1603 1024 1666 in
1045 1604 1192 1667 carnibus
1211 1623 1280 1667 mu·

130 1712 189 1776 tari
214 1732 273 1777 non
299 1714 414 1794 potest.
440 1710 617 1775 uindicauit
640 1730 714 1794 ergo
735 1709 881 1775 dominus
902 1714 939 1774 ut
957 1710 1152 1784 timeremus,
1169 1730 1280 1792 peper-

130 1818 175 1882 cit
198 1821 235 1881 ut
256 1836 498 1894 reseruaremur,
524 1820 555 1880 et
574 1815 750 1880 uindicauit
768 1816 866 1880 semel
886 1816 923 1879 ad
944 1816 1121 1899 exemplum
1142 1817 1278 1893 timoris,

130 1924 271 2007 pepercit
293 1923 323 1986 in
349 1923 515 2005 reliquum,
541 1944 578 1987 ne
608 1923 822 1988 dominaretur
850 1943 975 2005 semper
1002 1923 1179 1987 amaritudo
1207 1941 1279 2004 pec·

132 2031 205 2107 cati,
231 2031 328 2094 simul
352 2031 426 2111 quia
451 2031 478 2094 si
502 2030 573 2112 quis
597 2035 726 2112 peccata
751 2029 858 2112 cupiat
880 2030 1077 2112 frequentius
1105 2029 1278 2107 uindicare,
1297 2050 1320 2088 n

131 2156 222 2219 asper
240 2137 343 2219 magis
364 2156 458 2218 (piram
479 2137 640 2201 censorius
660 2136 802 2200 babetur.
828 2136 962 2218 ideoque
983 2137 1061 2202 dicit
1085 2136 1178 2201 deus:
1204 2156 1276 2201 non

131 2244 303 2308 adiciam
323 2243 1276 2325 maledicereterraepropteroperahominum,
1336 2243 1356 2295 D

130 2352 162 2415 id
186 2357 236 2415 est
255 2352 329 2433 quia
348 2350 498 2433 pietatem
519 2370 608 2414 suam
629 2351 711 2414 circa
730 2350 970 2414 uniuersitatem
989 2351 1152 2415 bominum
1174 2352 1278 2415 uoluit

131 2458 288 2522 declarare
328 2463 359 2520 et
395 2461 499 2521 tamen
538 2457 741 2521 securitatem
778 2462 810 2521 et
846 2458 1079 2541 neglegentiam
1117 2458 1276 2540 quandam

130 2565 289 2628 mentibus
305 2565 452 2628 humanis
469 2564 665 2628 adle1·renou
682 2564 801 2639 debuit,
817 2564 846 2626 in
862 2583 981 2645 paucos
998 2564 1149 2641 uindicat,
1169 2566 1276 2647 plmes
1295 2583 1318 2619 Β

131 2675 281 2736 reseruat.
316 2670 428 2734 deinde
461 2690 533 2735 cum
567 2671 657 2734 dicit:
692 2691 764 2735 non
797 2671 981 2747 adiciam,
1016 2672 1155 2737 ostendit
1192 2673 1277 2755 quod

131 2777 257 2841 ableuet
280 2778 383 2861 magis
408 2798 572 2842 aerumnas
598 2778 761 2841 hominum
786 2797 879 2860 quam
904 2778 1050 2861 ingrauet
1069 2779 1173 2843 sciens
1193 2780 1278 2861 quod

130 2885 255 2966 penitus
288 2888 418 2966 peccata
449 2885 614 2948 bominum
647 2884 760 2948 auferri
795 2903 855 2947 non
889 2888 1016 2966 queant,
1050 2888 1212 2968 tamquam
1246 2887 1278 2950 in

130 2991 296 3073 prouerbio
320 2996 358 3055 ut
381 2993 407 3055 si
433 2991 504 3073 quis
529 2991 588 3054 reti
612 2991 723 3054 subtili
743 2990 866 3054 haurire
887 3009 998 3072 aquam
1020 2992 1136 3073 cupiat,
1157 2993 1203 3057 sic
1223 2993 1277 3075 qui

78 3100 117 3163 81
132 3097 285 3161 malitiam
310 3118 345 3162 en
368 3097 550 3180 pectoribus
576 3098 739 3162 bominum
768 3101 898 3161 conetur
926 3096 1058 3162 auferre.
1091 3118 1165 3162 non
1199 3099 1275 3162 adi·
1294 3095 1358 3157 ΒΕ

132 3205 231 3269 ciam
277 3205 382 3287 inquit
427 3204 672 3269 maledicere
718 3209 849 3268 terrae
896 3207 1063 3286 propter
1107 3208 1277 3287 peccata

131 3312 346 3387 hominnm,
368 3311 683 3395 quiapernrauet
700 3311 1034 3376 sensusbominis
1051 3311 1277 3395 diligenter

220 3505 237 3556 4
257 3502 322 3557 Gen.
343 3502 368 3564 8,
387 3504 419 3556 21
440 3502 520 3556 Philo
541 3503 650 3568 Quaest.
671 3501 752 3556 1154
808 3503 822 3554 ῖ
844 3501 909 3555 Gen.
930 3500 954 3565 8,
975 3503 1006 3555 21
1066 3502 1098 3556 16
1118 3500 1186 3556 Gen.
1201 3504 1226 3565 8,
1241 3504 1272 3555 21

131 3596 165 3648 25
186 3592 252 3646 Gen.
272 3592 296 3654 8,
317 3593 349 3645 21
372 3592 449 3645 Philo
469 3592 580 3658 Quaest.
600 3591 627 3644 ll
647 3593 680 3645 54

167 3720 183 3771 3
203 3719 267 3786 quia
290 3717 314 3770 T
331 3718 395 3786 quid
414 3717 441 3770 P
457 3719 527 3789 (exp.
547 3723 571 3769 et
589 3733 610 3768 s.
631 3717 663 3781 &l
684 3724 712 3769 et
731 3723 777 3770 cet.
835 3719 848 3768 i
870 3715 951 3769 addet
969 3716 1067 3784 scripsi
1086 3714 1164 3768 addit
1181 3714 1212 3778 T,
1226 3731 1275 3770 om.
1334 3753 1339 3762 .

130 3807 158 3859 Β
178 3806 236 3873 (qui
249 3812 395 3873 praeterea
414 3821 465 3860 om.
486 3805 584 3870 adhuc)
604 3811 651 3858 eet
734 3810 873 3873 percutere
896 3805 921 3857 Τ
939 3808 1103 3874 percuterem
1124 3803 1152 3856 P
1170 3806 1231 3868 (ts.
1252 3819 1275 3863 m

130 3898 188 3964 m2)
207 3898 359 3963 percuteret
378 3900 424 3950 cet.
516 3910 621 3946 carnem
639 3894 739 3963 scripsi
759 3901 854 3958 (πᾶσαν
875 3894 958 3964 σάρκα
977 3893 1074 3956 LXX)
1095 3897 1194 3946 terram
1213 3891 1278 3944 libri

133 3984 166 4036 10
186 3982 220 4035 ad
239 3998 289 4035 ons.
309 3983 336 4035 Β
391 3984 422 4035 11
442 3982 540 4034 mutari
559 3982 586 4034 iu
606 3983 730 4036 onmibue
745 3983 772 4035 Β
828 3984 860 4036 12
878 3985 1035 4036 timeremus
1049 3981 1076 4034 P
1090 3985 1128 4046 (re
1142 3996 1163 4032 s.
1177 3997 1205 4034 u.
1220 3982 1275 4032 mt’r

134 4073 166 4125 13
185 4088 353 4124 seruaremur
371 4072 398 4124 Β
472 4072 503 4124 14
524 4071 635 4124 relicum
658 4072 682 4124 T
764 4073 796 4125 15
815 4071 983 4140 frequentius
1003 4070 1084 4124 PTB
1102 4071 1211 4138 saepius
1231 4075 1276 4124 cet.

135 4161 167 4213 16
186 4148 235 4212 dns
254 4159 317 4212 Du*
369 4159 400 4212 17
420 4158 533 4211 adiciam
552 4160 625 4212 ultra
643 4159 675 4213 N
726 4161 761 4214 20
779 4160 946 4213 humanisP
964 4160 998 4223 (is
1016 4160 1046 4211 ia
1064 4163 1133 4223 ras.)
1184 4159 1218 4211 22
1231 4159 1277 4210 ab·

132 4246 250 4300 leuetT
267 4247 367 4300 allent
385 4254 432 4302 eet.
487 4249 521 4300 24
541 4254 572 4300 ut
591 4264 641 4302 oni.
654 4248 717 4302 DN
786 4247 922 4311 inretiB
994 4247 1087 4317 cupiat
1105 4246 1277 4316 uquame'
