2836 4822
171 373 237 436 450
649 367 847 423 Ambrosii

172 565 321 629 odoratur
345 567 377 628 et
400 567 549 647 gustatus
575 564 733 646 gustabile
758 566 868 648 gustat
891 567 1046 628 attactus
1066 563 1151 645 quod
1169 564 1324 648 tangendi
1390 564 1410 617 n

105 695 107 699 ·
172 672 368 737 substantiae
406 671 550 736 subiacet
582 671 695 754 tangit.
728 670 799 734 ideo
836 670 973 752 quinque
1006 689 1119 735 seusus
1152 671 1325 754 tripliciter

172 779 331 846 aestimati
352 781 428 844 sunt
445 778 499 843 uel
514 777 690 842 secundum
705 777 800 841 illud:
824 777 959 842 scribe
981 778 1060 842 tibi
1074 778 1321 861 tripliciter.

171 906 229 971 ego
254 890 360 950 tamen
385 885 467 950 illud
490 884 689 950 commodius
713 889 802 967 puto,
831 889 868 948 ut
895 904 1009 950 seusus
1039 885 1155 950 terreni
1183 886 1322 951 hominis

171 996 266 1075 atquc
290 993 435 1057 animalis
461 996 493 1057 et
516 991 668 1074 spiritalis
693 992 857 1076 accipiam,
882 1011 961 1075 quos
985 993 1042 1056 illa
1064 993 1179 1081 diluuii
1202 992 1322 1057 fluenta
1351 1012 1363 1050 a

171 1099 431 1164 transcenderint.

123 1208 169 1272 53
216 1206 329 1271 Merito
359 1210 519 1271 mortua
547 1210 610 1270 est
640 1206 767 1270 omnis
801 1224 902 1283 caro,
936 1225 1035 1287 quae
1068 1207 1319 1274 mouebatur.

172 1313 256 1396 quod
280 1317 312 1377 et
340 1312 513 1377 secundum
543 1312 681 1376 litteram
710 1313 812 1394 liquet
845 1315 877 1377 ct
909 1312 1033 1395 proprie
1066 1332 1101 1377 ac
1133 1314 1322 1379 naturaliter·

171 1421 273 1486 caruis
297 1421 508 1500 corruptelam
532 1419 649 1483 iudicio
677 1421 872 1501 procellosae
903 1419 1125 1485 commotionis
1154 1423 1318 1503 expressit.
1390 1434 1409 1487 li

169 1527 341 1594 commotio
365 1528 447 1591 enim
472 1526 590 1591 uitiosa
614 1546 674 1591 nou
695 1530 745 1591 est
763 1527 825 1592 nisi
843 1546 899 1609 per
917 1527 1050 1591 affectus
1070 1529 1317 1609 corruptionem3
1340 1552 1363 1589 ro

169 1638 280 1699 mouet
303 1634 384 1698 enim
411 1633 594 1714 uoluptates
615 1653 685 1698 caro
707 1637 739 1698 et
757 1634 827 1716 ipsa
845 1633 1068 1716 uoluptatibus
1088 1637 1318 1712 commonetur,

170 1742 244 1805 talis
269 1744 375 1805 autem
399 1740 570 1804 commotio
600 1741 808 1821 corruptelam
838 1743 932 1804 creat.
966 1759 1062 1804 causa
1089 1760 1163 1823 ergo
1192 1761 1318 1825 corrup-

169 1849 251 1913 telae
276 1847 447 1912 commotio
471 1848 566 1912 istius
591 1846 699 1911 mundi
726 1851 785 1924 est,
805 1867 860 1929 per
880 1866 972 1928 quarn
993 1847 1096 1910 anima
1114 1847 1318 1914 uniuscuius-

170 1975 230 2038 que
254 1957 432 2039 degenerat.
467 1974 538 2018 cum
563 1954 643 2018 enim
669 1954 805 2019 uitiosae
829 1954 992 2036 passiones
1015 1956 1153 2017 mentem
1177 1960 1317 2026 mouent,

170 2064 347 2145 corruptela
362 2065 543 2146 generatum
560 2080 632 2125 cum
648 2061 824 2125 excitantur
834 2059 940 2125 studia
949 2060 1117 2136 uirtutum,
1130 2059 1316 2142 discipliuae
1336 2082 1362 2123 re

168 2170 331 2250 proiectus
356 2172 414 2233 est.
449 2169 550 2233 omnis
574 2168 673 2250 igitur
698 2167 752 2249 qui
776 2168 862 2230 erat
885 2167 922 2229 in
947 2165 1058 2231 arida
1081 2170 1226 2231 mortuus
1252 2175 1315 2241 est:
1388 2185 1408 2239 r

169 2294 225 2340 uec
251 2277 332 2340 enirn
357 2279 504 2358 poteraut
527 2295 587 2339 non
617 2275 697 2339 mori
726 2293 805 2355 quos
833 2273 914 2337 tanti
943 2273 1056 2336 diluuii
1085 2274 1170 2337 unda
1197 2275 1317 2339 demer-

168 2387 261 2448 serat.
287 2383 346 2447 hoc
371 2382 545 2446 secundum
573 2382 727 2463 scriptum
756 2380 932 2461 seriemque
961 2381 1140 2445 uerborum.
1175 2385 1316 2446 ceterum

168 2489 195 2554 si
223 2489 406 2571 allegoriam
436 2508 579 2570 quaeras,
613 2507 674 2552 non
708 2491 757 2551 est
790 2487 922 2551 dubium
956 2488 1030 2569 quia
1062 2488 1204 2570 exemplo
1236 2489 1317 2572 ligni

168 2595 321 2674 aridioris,
351 2595 436 2676 quod
468 2594 565 2659 simul
598 2598 634 2659 ut
665 2594 804 2658 lambere
837 2594 977 2677 coeperit
1008 2593 1092 2677 ignis
1126 2593 1236 2669 exurit,
1270 2594 1317 2658 ita
1336 2618 1363 2655 ao

168 2702 281 2778 anima,
305 2701 366 2765 nisi
391 2701 587 2765 diuersarum
611 2704 756 2765 umesoat
778 2719 846 2764 rore
866 2701 1021 2765 uirtutum
1042 2702 1157 2782 poculo
1178 2701 1316 2780 quodam

166 2808 301 2890 inrigata
325 2807 498 2889 sapientiae
526 2810 557 2871 et
585 2808 671 2871 fonte
698 2807 841 2870 iustitiae
870 2811 965 2889 atque
992 2807 1115 2890 inriguo
1145 2807 1316 2881 castitatis,

166 2918 329 2996 tamquam
353 2914 488 2978 arefacta
512 2914 616 2978 radice
640 2914 732 2978 uitali
756 2914 967 2995 cupiditatum
992 2914 1142 2998 deflagrat
1169 2913 1316 2978 incendio

167 3020 219 3084 uel
249 3021 406 3102 profluuio
439 3021 541 3084 carnis
573 3021 667 3084 inlisa
698 3021 887 3102 procumbit.
921 3020 1004 3085 unde
1037 3040 1161 3103 semper
1193 3021 1314 3102 epulari

166 3126 262 3191 debet
298 3129 423 3192 animus
455 3127 609 3193 bonorum
643 3147 772 3210 operum
806 3128 1026 3211 cogitationes,
1059 3133 1096 3191 ut
1127 3127 1315 3208 prudentiae
1334 3129 1414 3190 autad

166 3254 243 3299 suco
267 3254 356 3298 mens
379 3235 535 3298 inebriata
557 3235 756 3319 pinguescat,
781 3253 841 3317 quo
866 3253 926 3299 non
951 3234 1043 3298 facile
1068 3234 1181 3298 diluuii
1205 3253 1315 3316 corpo-

166 3341 241 3406 ralis
267 3341 358 3405 cedat
381 3341 513 3405 iniuriae
538 3347 633 3423 atque
657 3341 744 3405 arido
768 3341 907 3405 incuriae
927 3341 992 3405 situ
1012 3342 1131 3406 euirata
1150 3341 1315 3406 moriatur.

255 3602 271 3655 3
291 3601 419 3656 Proucrb.
440 3603 482 3666 22,
502 3602 536 3656 20
602 3603 616 3654 7
637 3600 704 3654 Gen.
725 3603 749 3663 7,
770 3603 802 3656 21
823 3601 903 3656 Philo
925 3601 1034 3668 Quaest.
1055 3601 1135 3655 1122
1193 3602 1225 3656 16
1246 3600 1314 3656 Gen.

166 3691 189 3751 7,
211 3690 244 3742 22
264 3689 343 3742 Philo
365 3688 475 3755 Quaest.
496 3689 575 3743 1123

203 3834 364 3900 lgustatus
383 3832 410 3884 P
427 3835 523 3900 gustus
543 3838 590 3886 cet.
660 3832 747 3886 3tibi
766 3848 816 3886 om.
837 3833 864 3884 B
938 3833 971 3886 12
990 3831 1141 3901 corruptela
1160 3835 1268 3884 crentur
1287 3833 1314 3886 B

167 3922 200 3975 14
219 3921 366 3990 degenerat
389 3920 446 3973 TT‘
467 3908 616 3988 degenerat
633 3923 660 3975 P
678 3921 858 3991 degeneratur
876 3919 1025 3975 DNBCM
1110 3921 1142 3973 15
1163 3920 1314 3973 excitantur

163 4010 263 4078 arrr'prm'
281 4011 400 4063 excitant
420 4009 485 4062 libri
563 4011 594 4063 17
615 4011 780 4063 demerserat
801 4010 859 4063 TM
879 4015 904 4063 et
923 4009 967 4077 (de
987 4025 1020 4063 ec
1038 4008 1077 4074 di)
1101 4007 1133 4061 T‘
1153 4007 1312 4062 dimerserat

165 4103 211 4151 ret.
265 4101 297 4152 19
316 4103 359 4151 est
377 4097 487 4151 dubium
502 4098 592 4151 PT‘B
611 4098 722 4152 dubium
742 4102 784 4152 est
803 4107 849 4153 cel.
923 4099 958 4151 ad
977 4095 1174 4166 exemplumN
1190 4098 1312 4167 exemplu

168 4187 225 4240 CM
268 4187 821 4253 21hurnescatDlha.a.)T‘BNCM
867 4190 899 4241 27
920 4188 1009 4241 situllll
1029 4188 1056 4240 P
1074 4186 1121 4239 siti
1139 4185 1203 4240 DN
1255 4188 1311 4241 eui·

164 4279 225 4327 rata
244 4275 271 4327 P
288 4279 313 4340 (e
332 4275 364 4327 in
382 4281 449 4338 ror.)
469 4277 557 4330 nirata
576 4278 603 4329 B
622 4279 760 4332 euicerata
778 4277 814 4330 Μ
