2836 4822
324 366 366 419 De
384 365 444 420 Noe
464 367 505 420 31.
527 366 569 431 32,
590 365 730 420 117-120
767 367 792 434 (Ι
810 368 864 421 274
882 367 992 422 F—ate
1011 368 1054 435 F).
1190 369 1255 433 493

113 562 196 626 enim
225 563 355 628 uidebat
383 564 437 645 qui
464 564 495 628 in
525 583 560 628 eo
590 564 722 646 putabat
750 564 913 628 ebrietatis
941 583 1087 641 errorem,
1111 563 1167 627 ubi
1190 566 1257 627 erat

111 670 271 751 perfectus
319 671 492 754 sapientiae
534 674 772 753 ceterarumque
813 671 970 735 uirtutum
1012 675 1131 753 uapor?
1172 671 1258 736 sicut

112 777 267 860 seriptum
291 782 353 842 est:
378 797 505 860 uapor
528 781 590 842 est
613 779 716 842 enim
735 778 911 843 uirtutis
931 777 1005 843 dei.
1029 778 1153 861 quando
1173 777 1256 842 enirn
1280 782 1302 839 c

112 904 202 949 mens
226 885 328 968 magis
346 885 457 949 ‘sobria
479 889 530 949 est
552 905 646 968 quam
674 889 761 963 tunc,
791 885 914 966 quando
943 889 1088 949 naturam
1116 886 1256 950 omnium

80 1011 217 1056 ererum
240 996 484 1075 temporumque
507 992 723 1075 praesentium
748 998 780 1056 et
801 992 981 1057 futurorum
1000 992 1046 1056 ita
1064 996 1190 1074 spectat
1206 1012 1258 1057 ne-

112 1099 209 1184 gotia,
233 1103 271 1163 ut
294 1100 382 1163 nulla
404 1099 436 1162 in
456 1118 492 1164 eo
511 1098 695 1182 temporalis
715 1098 886 1164 titubantia
905 1099 1069 1163 ebrietatis
1088 1101 1258 1181 appareat?

35 1198 64 1262 ,9
112 1225 228 1288 quaero
253 1207 348 1271 etiarn
373 1226 436 1288 qua
453 1207 584 1284 ratione,
604 1225 677 1270 curn
697 1210 768 1271 ante
784 1206 924 1270 medium
945 1205 1058 1270 dixerit
1075 1205 1158 1270 inter
1175 1206 1258 1270 filios

113 1311 222 1389 cham,
259 1331 342 1376 nunc
379 1312 534 1377 iuniorem
571 1312 756 1376 constituat.
794 1311 841 1375 sic
879 1312 962 1377 enirn
1001 1312 1156 1394 seriptum
1194 1315 1258 1376 est:

113 1419 310 1502 cognouit
342 1419 424 1484 Noe
459 1418 590 1482 omnia
622 1437 722 1500 quae
754 1418 858 1482 feeit
890 1418 924 1482 ei
958 1418 1080 1484 filius
1112 1418 1258 1484 iunior.

66 1549 94 1589 ro
112 1526 268 1609 numquid
295 1531 368 1590 ante
397 1526 553 1608 scriptura
579 1526 610 1589 in
640 1525 748 1590 ordino
781 1525 993 1609 generationis
1027 1526 1165 1591 enauit?
1197 1546 1258 1591 non

111 1632 233 1714 utique.
260 1632 336 1714 quid
359 1637 453 1716 ergo?
478 1633 635 1697 contraria
656 1652 739 1696 nuno
763 1633 883 1714 scripta
906 1636 1004 1697 sunt?
1030 1653 1092 1698 non
1116 1633 1304 1698 arbitror.D

113 1739 271 1821 quomodo
295 1740 396 1824 igitur
419 1740 566 1817 soluitur,
590 1739 651 1803 nisi
675 1740 828 1803 iuniorem
857 1760 917 1804 non
949 1743 1063 1817 aetate,
1092 1759 1153 1804 non
1182 1744 1260 1804 tem-

112 1864 186 1928 pore
219 1847 367 1928 accipias,
401 1847 457 1912 sed
489 1846 600 1911 rudem
633 1866 746 1910 sensus
764 1849 813 1922 ‚et
845 1847 874 1910 in
909 1846 1044 1928 quadarn
1077 1846 1260 1911 intellectus

111 1952 246 2016 infantia
273 1953 495 2029 constitutum,
524 1952 579 2034 qui
607 1951 783 2017 doctrinam
810 1952 1019 2034 prouectioris
1052 1952 1166 2016 aetatis
1199 1970 1260 2015 non

67 2083 94 2124 11
113 2060 256 2124 hauserit
282 2078 340 2124 neo
367 2059 544 2142 perceperit
567 2059 665 2123 senile
693 2059 885 2124 consilium?
914 2060 981 2123 cani
1017 2060 1100 2122 enirn
1132 2058 1258 2142 qnidam

113 2170 188 2231 sunt
216 2186 330 2232 sensus
359 2167 535 2232 hominurn.
569 2171 601 2232 et
628 2167 698 2233 ideo
727 2167 846 2249 inquit:
875 2186 988 2250 quorn
1020 2166 1182 2231 ueneris
1215 2165 1259 2229 ad

113 2274 318 2338 seniorum
350 2275 582 2352 concilium,
613 2274 757 2339 claude
787 2293 828 2338 os
857 2277 980 2345 tuum,
1006 2277 1042 2337 ut
1065 2273 1161 2337 habet
1184 2273 1260 2336 alibi

113 2381 283 2446 sententia:
331 2382 569 2446 discendum
616 2383 717 2446 enirn
764 2382 841 2446 tibi
884 2382 998 2465 prius
1041 2384 1104 2444 est
1146 2399 1261 2463 quarn

113 2488 367 2570 loquendum.
392 2509 484 2553 aures
509 2509 585 2573 ergo
607 2493 733 2573 paratas
757 2490 848 2564 habe,
875 2495 909 2551 ut
933 2488 1055 2570 aliquid
1078 2487 1117 2552 de
1136 2487 1257 2568 sapien·
1281 2492 1304 2546 lt

66 2621 94 2661 ao
111 2594 193 2658 tium
212 2595 354 2660 consiliis
374 2596 586 2677 consequaris.
610 2596 720 2680 lingua
738 2597 935 2678 reprimenda
953 2600 1013 2670 est,
1033 2595 1154 2659 auditio
1173 2613 1259 2676 prae-

112 2702 259 2783 paranda.

36 2802 65 2865 :0
156 2809 351 2873 Benedicens
393 2810 495 2873 filium
537 2830 630 2874 suum
673 2809 746 2874 Sem
793 2811 838 2874 ait
882 2811 964 2875 Noe:
1011 2809 1303 2874 benedictusF

112 2916 297 2981 domiuus
329 2917 427 2982 deus
459 2918 557 2987 Sem.
588 2921 626 2982 et
658 2918 737 2981 erit
767 2917 954 2983 Chanaan
987 2936 1132 2982 seruus
1158 2916 1256 2980 eius.

112 3026 143 3087 et
173 3024 335 3087 dominum
365 3029 397 3089 et
425 3025 519 3088 deum
547 3025 625 3088 dixit
652 3029 684 3088 et
712 3026 892 3109 specialiter·
921 3025 1014 3089 desim
1038 3024 1096 3089 filii
1120 3023 1180 3097 sui,
1205 3023 1256 3086 oui

65 3155 92 3196 ee
111 3150 224 3195 nornen
254 3135 303 3194 eet
330 3130 414 3208 Seru,
443 3150 479 3194 eo
509 3130 593 3213 quod
617 3130 695 3195 deus
719 3131 888 3206 iustorum,
914 3133 972 3195 hoc
997 3134 1047 3196 est
1070 3131 1149 3195 deus
1173 3149 1256 3194 uren-

110 3236 201 3314 tium,
219 3257 280 3303 non
295 3238 440 3313 uallium,
456 3238 509 3320 qui
526 3238 657 3322 gratiani
673 3238 809 3302 habeant
825 3237 955 3301 uirtutis
974 3238 1125 3302 excelsae.
1145 3236 1257 3301 deinde

198 3445 297 3513 3Sap.
319 3447 341 3505 1,
361 3447 396 3499 25
460 3443 808 3510 spiritualitatum
870 3444 973 3499 9Gen.
994 3448 1018 3505 9,
1038 3446 1073 3499 24
1138 3446 1254 3510 161811.

109 3532 217 3599 3213)
270 3534 303 3586 18
323 3534 373 3587 Sir.
397 3535 437 3597 18,
460 3535 491 3587 19
541 3533 1088 3600 22111119,26Ρ1111111111111111115
1139 3535 1254 3603 251118.

109 3620 201 3676 11121
223 3623 289 3692 (20),
311 3623 345 3675 28

146 3747 157 3798 1
179 3746 328 3799 dubietatis
348 3746 469 3799 DNC'M
556 3747 572 3800 3
596 3752 638 3800 est
661 3749 685 3816 (t
707 3765 727 3801 e.
752 3749 793 3817 a.)
812 3749 833 3801 d'
854 3751 935 3816 (erp.)
956 3748 1026 3802 enirn
1045 3747 1073 3801 P
1090 3765 1118 3801 es
1138 3747 1208 3801 enim
1227 3747 1255 3800 B

145 3835 253 3888 uirtutis
273 3837 300 3889 P
318 3837 359 3904 (in
379 3838 445 3903 ras.)
509 3838 525 3890 6
544 3835 674 3890 titubatio
690 3837 748 3890 DN
806 3839 835 3890 11
857 3838 1025 3891 contrariane
1045 3852 1105 3899 tom.
1126 3842 1207 3901 nunc)
1228 3837 1255 3889 B

109 3922 142 3977 13
170 3940 264 3977 aeneus
283 3925 311 3976 P
334 3933 356 3977 ts
380 3925 430 3977 ult.
450 3930 532 3990 eras.)
554 3942 661 3978 sensum
684 3925 708 3978 0
724 3942 805 3979 sensu
824 3932 872 3979 cet.
966 3927 997 3980 15
1026 3926 1148 3980 hauserit
1167 3926 1194 3978 P
1211 3925 1255 3993 (aa

108 4013 222 4079 auxerit)
248 4013 278 4065 T‘
300 4013 328 4066 th
348 4030 369 4067 a.
389 4030 429 4073 a.)
523 4015 726 4083 canituquam
745 4014 911 4084 loquendum
932 4033 982 4070 erre.
1002 4015 1028 4068 B
1121 4017 1153 4069 16
1174 4031 1253 4084 quoru

105 4103 206 4171 scrupea
224 4108 276 4171 que
296 4103 323 4156 P
341 4108 385 4168 (cd
403 4121 424 4157 a.
444 4106 500 4170 m2)
520 4122 579 4158 cunr
599 4111 645 4157 cet.
754 4106 789 4158 22
816 4122 893 4159 suurn
913 4122 964 4162 om.
984 4105 1046 4160 DN
1151 4105 1186 4158 24
1212 4104 1255 4158 cui

105 4191 175 4254 DN,
195 4179 245 4246 ona.
265 4199 313 4246 cet.
386 4193 421 4247 25
440 4192 547 4246 nomine
566 4193 593 4246 P
611 4198 669 4258 (1112
687 4211 720 4247 aa
737 4210 834 4248 nomen
855 4199 907 4261 est)
931 4195 991 4248 PB
1073 4194 1144 4264 quod
1164 4196 1201 4249 sit
1222 4194 1255 4247 T‘

142 4280 274 4334 iustorum
295 4286 336 4335 est
354 4281 416 4336 DN
469 4283 503 4335 26
523 4283 640 4347 uirtutes
659 4282 687 4336 P
706 4284 725 4343 (i
744 4299 766 4337 s.
786 4284 811 4347 et
