2836 4822
165 324 186 386 4
635 314 835 368 Ambrosii

166 517 241 581 deos
270 533 340 578 esse
369 513 539 590 crederent,
569 512 717 594 quamuis
747 510 785 575 de
814 511 883 593 ipso
912 512 1028 576 mundo
1057 532 1118 577 non
1142 513 1312 578 mediocris

121 621 248 688 3inter
279 640 333 686 eos
366 620 510 703 quaestio
543 618 595 682 sit.
635 638 708 682 nam
731 617 929 702 Pythagoras
959 639 1056 683 unum
1080 620 1234 684 mundum
1259 621 1311 685 ad-

166 731 252 806 serit,
278 728 332 793 alii
354 725 599 791 innumerabiles
624 726 733 790 dicunt
757 744 826 789 esse
846 725 991 802 mundos,
1011 728 1048 790 ut
1067 727 1179 791 scribit
1197 729 1312 792 Demo-

166 837 276 917 critus,
296 835 348 900 cui
371 834 544 917 plurimum
568 831 606 896 de
629 832 771 916 physicis
791 832 989 896 auctoritatis
1014 836 1158 897 uetustas
1183 835 1311 912 detulit,

165 945 335 1026 ipsumque
359 940 512 1005 mundum
542 958 666 1023 semper
692 939 792 1003 fuisse
821 943 853 1001 et
876 938 941 1002 fore
965 938 1153 1004 Aristoteles
1177 948 1312 1026 usurpat
1344 963 1357 1001 o

166 1051 284 1115 dicere:
309 1052 418 1113 contra
441 1050 548 1112 autem
571 1046 663 1110 Plato
686 1065 746 1109 non
771 1064 895 1127 semper
917 1044 1017 1110 fuisse
1042 1049 1074 1110 et
1097 1067 1222 1130 semper
1244 1049 1311 1114 1616

166 1157 342 1242 praesumit
375 1154 547 1231 adstruere,
580 1152 709 1236 plurimi
744 1170 820 1216 uero
857 1172 918 1217 non
956 1152 1055 1217 fuisse
1094 1173 1217 1237 semper
1252 1175 1311 1221 nec
1356 1200 1358 1209 ‹

122 1263 143 1325 4
168 1284 293 1347 semper
314 1263 381 1327 1016
405 1261 531 1344 scriptis
555 1260 623 1325 suis
647 1259 865 1324 testificantur.
898 1260 980 1324 inter
1010 1261 1068 1325 has
1096 1262 1310 1328 dissensiones

167 1391 275 1436 eorum
308 1389 387 1452 quae
419 1371 526 1452 potest
556 1367 625 1431 ueri
659 1386 729 1431 esse
763 1367 953 1444 aestimatio,
978 1386 1051 1431 oum
1080 1368 1133 1432 alii
1157 1369 1312 1434 mundum

165 1479 273 1562 ipsum
306 1477 400 1541 deunr
433 1494 502 1540 esse
535 1474 651 1553 dicant,
685 1473 769 1556 quod
802 1474 830 1538 ei
863 1493 952 1538 mens
991 1473 1099 1538 diuina
1130 1480 1167 1539 ut
1199 1479 1313 1558 putant
1332 1498 1357 1535 10

166 1585 271 1650 inesse
301 1583 458 1663 uideatur,
483 1581 538 1645 alii
568 1585 673 1664 partes
706 1581 785 1658 eius,
811 1580 864 1644 alii
887 1584 1078 1663 utrumque?
1111 1582 1143 1645 in
1167 1602 1229 1665 quo
1254 1603 1312 1649 nec

168 1710 247 1773 quae
279 1688 380 1774 figura
412 1688 455 1753 sit
486 1688 617 1752 deorum
647 1678 706 1751 'nec
731 1688 785 1769 qui
807 1706 959 1751 numerus
983 1706 1039 1751 neo
1064 1687 1118 1769 qui
1141 1688 1231 1754 locus
1257 1695 1312 1754 aut

167 1798 235 1862 uita
257 1797 360 1880 possit
378 1799 434 1859 aut
452 1814 527 1859 cura
546 1793 766 1878 conprehendi,
786 1792 944 1875 siquidem
962 1794 1071 1858 mundi
1091 1795 1312 1861 aestimatione

167 1903 341 1967 uolubilem
365 1900 539 1967 rutundum
572 1900 732 1964 ardentem
756 1899 947 1981 quibusdam
974 1899 1141 1965 incitatum
1170 1903 1311 1967 motibus

169 2010 235 2073 sine
260 2028 354 2073 sensu
379 2008 474 2073 deum
497 2007 665 2073 conueniat
683 2007 837 2091 intellegi,
858 2007 912 2089 qui
932 2007 1044 2086 alieno,
1063 2028 1124 2073 non
1144 2029 1201 2074 suo
1222 2015 1312 2076 motu
1333 2029 1358 2068 ss

168 2117 295 2181 feratur.

79 2229 145 2310 2,5
213 2224 303 2289 Unde
319 2223 427 2286 diuino
447 2221 561 2303 spiritu
580 2220 768 2304 praeuidens
787 2226 916 2284 sanctus
930 2221 1058 2305 Moyses
1073 2223 1132 2287 hos
1146 2223 1311 2288 hominnm

169 2348 288 2394 errores
312 2329 378 2394 1016
403 2332 435 2393 61
459 2329 521 2393 iarn
544 2327 625 2392 forte
649 2327 792 2408 coepisse
814 2327 847 2390 in
871 2328 996 2393 exordio
1021 2330 1174 2395 sermonis
1195 2332 1311 2396 suisio

169 2437 227 2499 ait:
251 2436 287 2498 in
317 2433 507 2518 principio
535 2433 631 2498 fecit
660 2433 751 2498 deus
781 2434 926 2497 caelum
951 2440 988 2499 et
1010 2438 1158 2514 terram,
1178 2438 1311 2502 initium

167 2562 282 2620 rerum,
307 2545 467 2606 auctorem
500 2539 621 2618 mundi,
645 2541 833 2605 creationem
867 2541 1016 2606 materiae
1045 2544 1311 2626 conprehendens,
1331 2565 1357 2601 a·

167 2654 205 2713 ut
227 2649 320 2713 deum
345 2666 553 2733 cognosceres
577 2651 649 2712 ante
673 2646 800 2711 initium
824 2647 935 2712 mundi
954 2667 1024 2712 6666
1043 2651 1095 2713 uel
1114 2650 1220 2733 ipsum
1241 2670 1312 2717 esse

167 2755 295 2818 initium
319 2754 550 2825 uniuersorum,
575 2753 659 2817 sicut
683 2752 713 2816 in
738 2755 903 2838 euangelio
928 2755 978 2819 dei
1001 2755 1086 2820 filius
1115 2757 1311 2822 dicentibus:

168 2866 208 2925 tu
233 2862 316 2944 quis
350 2865 408 2925 es?
432 2859 607 2943 respondit:
636 2859 790 2924 initium
824 2861 920 2942 quod
954 2866 990 2925 et
1021 2862 1156 2944 loquor
1189 2864 1310 2941 nobie,

169 2972 202 3032 et
223 2969 329 3051 ipsum
354 2967 479 3032 dedisse
503 2966 651 3051 gignendi
674 2967 769 3030 rebus
793 2967 919 3031 initium
944 2972 977 3032 et
998 2969 1102 3051 ipsum
1129 2989 1199 3033 esse
1224 2988 1307 3036 crea-

258 3247 274 3299 2
294 3246 370 3299 Diels
389 3245 456 3298 Dor.
477 3246 538 3307 565,
558 3247 574 3298 9
594 3244 648 3299 Cic.
669 3243 751 3298 Acnd.
772 3244 800 3297 11
818 3247 861 3307 55,
881 3245 963 3300 6173
1018 3245 1097 3299 4116
1119 3245 1152 3299 dc
1167 3252 1222 3300 nat.
1238 3246 1311 3302 deor.

168 3335 182 3388 I
203 3335 262 3398 120,
282 3334 314 3389 de
334 3335 417 3388 diuiu.
436 3333 450 3386 I
470 3335 486 3387 5
571 3336 587 3388 5
606 3334 685 3387 Philo
706 3334 739 3386 de
759 3340 859 3386 aetem.
879 3333 972 3387 mundi
992 3335 1007 3386 3
1028 3334 1065 3397 (ss
1083 3335 1146 3395 489,
1167 3338 1180 3390 1
1201 3337 1259 3404 M.;
1278 3340 1311 3392 61.

169 3423 291 3477 Philonis
312 3423 344 3476 de
365 3427 416 3476 aet.
436 3422 529 3476 mundi
549 3421 590 3475 ed.
610 3422 639 3475 F.
662 3421 776 3476 Cumont
795 3422 921 3491 Prolegg.
941 3441 966 3492 p.
986 3423 1045 3488 XV)
1065 3424 1142 3477 Diels
1162 3424 1229 3477 Dor.
1249 3428 1312 3483 571.

169 3512 204 3565 34
260 3510 495 3567 1401616161.
517 3509 686 3564 16011146
760 3510 879 3565 1911611.
902 3513 959 3574 1,1
1016 3512 1126 3565 aslon.
1147 3514 1226 3571 1125

204 3698 221 3751 3
240 3695 350 3766 scripsit
367 3695 435 3749 N‘B
474 3698 492 3749 4
510 3695 622 3765 phisicis
642 3696 678 3750 M
693 3696 775 3750 fisieis
794 3697 821 3749 B
839 3695 930 3766 speleis
950 3703 995 3750 cet.
1052 3702 1175 3751 uetustas
1194 3702 1313 3753 erictoni-

168 3786 236 3839 tatis
250 3785 293 3838 Μ’
347 3784 653 3854 dsedsempeera’
702 3784 888 3839 lnont'GV
905 3785 1001 3840 11ch
1046 3788 1316 3842 bueriesset'Gl'

171 3892 228 3928 esse
247 3874 305 3927 ueri
325 3873 355 3926 N
446 3875 478 3927 12
499 3891 590 3928 eorum
611 3874 624 3924 (
629 3873 661 3928 'G
763 3890 811 3927 nec
832 3891 883 3944 que
902 3891 1027 3927 numerus
1046 3892 1095 3929 nec
1115 3893 1165 3944 que
1187 3878 1211 3927 (2v
1227 3877 1252 3945 (c
1272 3878 1314 3932 his

170 3967 251 4028 erus.)
271 3968 296 4016 ct
315 3966 395 4026 (corr.
414 3967 466 4031 eal)
490 3963 514 4017 G
532 3980 620 4032 neque
639 3979 664 4015 n.
685 3979 772 4032 neque
792 3962 818 4014 V
852 3964 885 4017 13
904 3964 1188 4017 666111116116116111(”1’
1222 3967 1256 4019 14
1269 3984 1312 4020 ru-

168 4031 283 4104 tundum
306 4050 320 4101 (
323 4052 378 4103 ’1111
396 4051 541 4104 rotundum
564 4051 705 4105 (11112661.
788 4053 820 4105 15
840 4068 936 4105 seusus
953 4051 976 4104 (Ὗ
1046 4054 1077 4106 21
1099 4055 1270 4122 cognuscires
1292 4057 1315 4104 ('

170 4147 249 4204 (corr.
269 4144 325 4206 na2)
381 4140 586 4194 rusticantibus
606 4140 658 4193 sibi
677 4139 734 4194 MS
787 4141 821 4194 ‘23
841 4140 923 4209 quod}
945 4142 991 4210 qui
1013 4141 1036 4191 (t
1054 4146 1112 4206 (012
1130 4160 1163 4194 cr
1181 4143 1264 4210 quod)
1285 4145 1312 4196 B

171 4228 243 4297 qnod
264 4233 294 4294 (s,
313 4229 326 4281 l
345 4229 402 4300 qui)
421 4229 463 4281 Μ’
550 4231 584 4282 24
602 4228 732 4298 gignendi
754 4227 779 4283 G
798 4228 829 4299 (s.
849 4229 927 4282 1621
945 4229 1100 4300 gignendis)
1120 4231 1265 4300 gignendis
1284 4232 1316 4286 N
