2836 4822
168 370 232 432 482
638 361 839 416 Ambrosii

167 560 314 625 monibus
338 558 466 623 nostris.
501 558 636 641 ideoque
660 559 719 623 ait:
754 558 798 622 16
822 557 1093 640 multiloquio
1118 576 1192 622 nou
1217 557 1318 623 effu-

168 667 255 750 gies
287 668 511 749 peccatum.
544 685 617 749 ergo
650 666 710 729 hoc
745 664 917 749 significari
950 664 1085 741 uidetur,
1118 684 1181 729 666
1211 665 1316 729 solum

168 773 270 855 operis
295 772 406 847 nostri,
433 772 488 836 sed
513 773 608 835 etiam
634 771 799 849 sermonis,
824 772 878 852 qui
903 774 952 835 666
974 771 1078 854 magis
1107 770 1317 848 domesticus,

167 879 321 942 rationem
349 878 475 943 domino
505 898 574 943 6666
602 878 803 943 reddendam.
839 883 870 942 66
897 877 968 941 1166
998 877 1185 960 diligentius
1215 879 1318 943 consi-

168 984 352 1062 derandum,
381 1005 419 1048 ne
447 986 499 1050 uel
528 1005 671 1050 sermone
699 987 753 1050 uel
781 1005 874 1067 opere
903 985 1126 1050 contrahamus
1152 984 1316 1051 offensam.
1345 992 1395 1047 66

168 1092 243 1174 qnia
271 1092 355 1155 61666
383 1111 434 1156 666
459 1092 911 1170 666166616116616616666,
936 1093 981 1156 616
1006 1111 1058 1156 666
1081 1091 1118 1155 116
1141 1093 1254 1174 166666
1279 1092 1318 1156 61

168 1204 313 1264 mortem.

102 1305 144 1368 98
214 1305 287 1384 Qui
313 1305 515 1369 effuderit
537 1304 641 1386 inquit
665 1304 903 1387 sanguinem
928 1304 1103 1369 hominis
1133 1324 1202 1386 pro
1235 1323 1318 1368 san·

170 1414 292 1497 guine
323 1411 500 1475 hominis
532 1412 619 1475 6166
652 1410 899 1475 effundetur.
933 1430 995 1475 non
1025 1411 1142 1475 errauit
1166 1411 1318 1489 elocutio,

169 1519 225 1584 661
248 1519 396 1601 orphanis
421 1518 505 1582 facta
528 1519 697 1583 uerborum
722 1523 780 1595 est,
802 1537 838 1581 66
860 1518 943 1600 quod
962 1518 990 1581 is
1010 1518 1065 1600 qui
1084 1517 1359 1583 611616616666-66

169 1627 296 1710 guinem
331 1625 466 1689 hominis
499 1626 567 1707 1666
601 1626 691 1706 quasi
724 1624 854 1707 sanguis
888 1624 1076 1701 effundetur,
1110 1624 1194 1706 quod
1228 1644 1319 1707 spem

170 1734 198 1797 61
221 1733 417 1816 posteritatis
443 1733 564 1815 eripiat,
590 1734 663 1813 quia
687 1733 771 1796 61666
795 1732 924 1816 sanguis
948 1731 1039 1795 16666
1063 1731 1094 1794 16
1119 1735 1236 1795 terram
1259 1733 1318 1796 hac

169 1844 263 1921 atque
287 1839 361 1903 illac
386 1840 546 1923 spargitur
568 1839 614 1903 166
636 1840 806 1922 impiorum
827 1839 931 1902 anima
948 1856 1115 1921 corporeae
1134 1838 1318 1921 fragilitatis

169 1967 256 2011 more
280 1947 433 2024 66166666,
457 1947 532 2028 qnia
555 1951 588 2010 et
610 1946 648 2010 de
672 1946 777 2010 anima
796 1946 915 2009 dictum
936 1949 986 2009 666
1004 1949 1139 2008 mortem
1159 1944 1227 2008 6166
1248 1964 1318 2009 6666
1372 1949 1391 2002 ll

170 2053 412 2135 corruptionem,
442 2071 477 2116 66
503 2052 586 2134 quod
611 2053 731 2136 gratiae
755 2052 901 2116 caelestis
925 2070 1055 2115 munere
1079 2051 1354 2116 1616616666666

171 2160 262 2224 66166
295 2160 415 2224 6661166
447 2159 588 2222 malitiae
617 2158 757 2241 scopulis
788 2157 984 2222 salubritatis
1014 2178 1089 2222 suae
1118 2177 1234 2240 corpus
1262 2159 1318 2222 irn-

103 2265 145 2329 99
171 2267 303 2332 minuat.
328 2269 438 2330 mouet
461 2266 556 2330 etiam
580 2266 747 2347 plerosque
772 2265 857 2346 qnod
880 2264 1007 2329 dixerit:
1033 2264 1078 2328 ad
1101 2265 1317 2349 imaginem

171 2373 235 2436 dei
269 2374 348 2437 1661
381 2372 574 2437 hominem
609 2376 641 2436 66
673 2391 734 2435 666
767 2371 893 2435 dixerit:
927 2371 966 2435 ad
999 2371 1171 2454 imaginem
1203 2390 1317 2449 meam,

172 2499 243 2543 cum
267 2480 336 2562 ipse
360 2479 403 2543 sit
427 2479 515 2543 dens.
540 2478 595 2542 sed
615 2479 765 2562 intellege
785 2483 817 2542 et
835 2483 957 2561 patrem
976 2497 1045 2542 6666
1065 2477 1216 2542 etlilium
1236 2496 1317 2543 esse.

170 2589 203 2649 et
224 2586 301 2650 11666
325 2605 379 2667 666
401 2586 502 2648 filium
523 2586 628 2650 onmia
646 2586 730 2649 16666
749 2591 833 2661 6666,
854 2587 958 2649 66666
977 2586 1115 2668 legimus
1136 2585 1212 2667 quia
1228 2588 1319 2666 66666
1335 2610 1358 2648 a

170 2691 280 2755 1666616
303 2691 408 2755 omnia
432 2691 797 2772 6616666166661111661,
819 2692 905 2755 61666
923 2690 1076 2773 scriptum
1097 2694 1160 2754 est:
1186 2692 1317 2755 omnia
1375 2683 1395 2738 1}

170 2798 208 2861 16
240 2797 448 2878 666166616
477 2797 632 2863 fecisti.
667 2798 735 2861 6166
760 2816 834 2880 ergo
858 2801 948 2878 pater
971 2797 1058 2874 dicit,
1083 2796 1121 2860 ad
1145 2797 1317 2880 imaginem

170 2904 259 2968 uerbi
283 2904 370 2980 16616,
399 2905 467 2967 6166
491 2903 577 2967 filins
602 2905 688 2981 dicit,
714 2903 754 2968 ad
777 2904 950 2987 imaginem
974 2903 1025 2967 dei
1049 2903 1147 2985 patris
1171 2904 1259 2969 16616.
1288 2907 1318 2968 66

169 3011 241 3074 1166
272 3010 460 3074 familiarem
489 3010 645 3092 quandam
675 3014 707 3074 et
731 3009 938 3073 domesticam
963 3009 1020 3074 deo
1044 3010 1242 3074 demonstrat
1266 3011 1319 3075 ho·

170 3117 265 3181 minis
285 3137 355 3182 6666
375 3121 529 3192 naturam,
544 3117 577 3180 id
592 3121 642 3181 666
661 3115 858 3180 rationabilis
878 3116 1026 3194 hominis,
1043 3117 1219 3181 secundum
1234 3117 1319 3200 quod
1337 3141 1361 3181 66

171 3224 210 3288 61
232 3224 403 3308 imaginem
429 3223 478 3287 dei
503 3224 601 3287 666661
625 3243 748 3301 sumus,
768 3242 866 3304 eaque
887 3242 983 3287 66666
1005 3223 1144 3288 inultum
1168 3243 1320 3289 6666666

172 3331 256 3414 6661
280 3331 373 3395 deum
397 3330 481 3413 quod
504 3331 535 3393 in
562 3331 773 3395 domesticum
798 3330 859 3394 sibi
883 3330 999 3394 animal
1022 3329 1132 3394 uideat
1151 3330 1322 3396 crudeliter

84 3438 148 3504 100
172 3444 204 3503 66
227 3438 312 3521 inpie
336 3457 406 3502 6666
434 3436 652 3501 commissum.
686 3455 781 3500 causa
809 3455 883 3520 ergo
913 3436 1020 3500 addita
1047 3436 1209 3501 uindictae
1232 3437 1322 3509 facit,

263 3684 274 3736 1
296 3683 424 3737 Prouorb.
445 3682 487 3745 10,
508 3681 540 3735 19
623 3683 639 3735 8
659 3680 724 3736 Gen.
745 3681 770 3737 6.
790 3682 805 3734 6
825 3680 904 3734 Philo
925 3679 1134 3745 Quaestum
1220 3679 1321 3734 14161)

172 3772 215 3835 33,
234 3772 268 3825 28
326 3773 357 3824 17
378 3769 444 3824 Gen.
465 3772 490 3833 9,
510 3771 526 3823 6
545 3770 626 3823 Philo
647 3769 756 3835 Quaest.
777 3769 859 3822 1162
913 3770 944 3822 21
967 3768 1065 3822 Psalm.
1086 3767 1150 3823 CIII
1168 3769 1204 3823 24

208 3920 615 3989 26166661Μ(616.6.662)
685 3919 962 3990 9effundetur1’(e
982 3919 1032 3974 616.
1052 3919 1190 3986 6661662)
1265 3920 1321 3973 elo·

174 4009 268 4077 quatio
289 4009 315 4061 P
378 4008 411 4061 10
431 4006 531 4060 6616616
552 4008 617 4061 libai
688 4009 817 4062 hisPet
839 4008 949 4075 (166161.)
972 4008 1003 4060 T‘
1073 4008 1106 4062 13
1126 4009 1173 4077 1116
1192 4009 1220 4062 P
1239 4012 1322 4076 (666.

174 4113 189 4164 e
207 4099 264 4166 m2)
339 4098 371 4150 15
391 4094 549 4149 1616616666
566 4096 594 4147 P
611 4095 786 4151 defraudetur
804 4103 851 4151 666.
931 4097 963 4150 18
982 4096 1034 4150 1661
1052 4097 1152 4165 scripsi
1170 4097 1237 4152 fecit
1256 4097 1325 4152 libri

210 4185 308 4237 dixerit
330 4185 427 4247 T‘NB,
447 4200 498 4236 om.
521 4183 550 4246 0,
571 4183 639 4238 dixit
656 4191 703 4240 666.
759 4187 793 4239 23
812 4186 960 4255 imaginem
973 4186 1000 4238 P
1017 4191 1044 4250 (a
1062 4201 1095 4239 66
1114 4191 1139 4252 6)
1195 4187 1229 4242 25
1250 4186 1324 4257 (6661

173 4289 270 4341 ymago
290 4272 334 4325 dei
352 4272 379 4324 B
451 4273 486 4324 26
505 4272 589 4325 creati
607 4272 674 4338 DN,
693 4290 744 4328 om.
764 4281 822 4341 666,
834 4275 1015 4343 666661666ἰὶΙ
