2836 4822
123 317 189 380 478
596 310 795 363 Ambrosii

122 509 305 574 huiusmodi
343 513 446 572 tamen
478 508 592 572 habeat
624 507 798 589 passiones,
832 525 911 587 quae
943 526 1003 571 non
1037 509 1180 575 noceant.
1214 504 1270 569 sed

123 617 289 680 delectent.

77 1127 119 1189 92
165 1122 240 1187 ldeo
273 1123 305 1186 iu
337 1122 491 1204 principio
528 1125 657 1185 sanctus
690 1121 818 1202 Moyses
855 1120 1040 1184 informauit
1077 1139 1134 1182 nos
1172 1125 1266 1198 atque

121 1229 270 1292 instruxit
298 1228 336 1292 de
363 1228 576 1292 insufflatione
605 1228 736 1300 animae,
765 1231 801 1290 ut
828 1246 889 1290 non
913 1226 1091 1290 laberemur
1114 1227 1265 1309 opinioni·
1307 1235 1377 1288 tttl

121 1336 182 1399 bus
198 1336 333 1400 diuersis
348 1335 621 1417 pbilosophorum,
642 1334 696 1416 qui
716 1334 858 1417 sibiipsi
878 1338 1021 1398 constare
1041 1352 1101 1396 non
1121 1339 1266 1415 possunt.
1297 1357 1309 1396 a

121 1441 262 1523 plerique
296 1443 377 1506 enim
410 1442 497 1506 uaria
531 1445 707 1516 senserunt,
740 1442 789 1505 uti
818 1441 932 1506 Critias
960 1443 993 1504 et
1021 1441 1089 1504 eius
1117 1440 1268 1522 discipuli

122 1550 307 1633 sanguinem
338 1568 408 1613 esse
437 1549 572 1612 animam
601 1549 753 1626 dicentes,
777 1549 872 1613 istam
896 1549 1007 1630 utique
1035 1548 1182 1622 animam,
1207 1565 1268 1629 qua

121 1656 274 1733 uiuimus,
303 1674 383 1737 quae
413 1659 463 1719 est
491 1656 663 1732 sensibilis,
692 1674 753 1719 non
781 1655 869 1718 illam
898 1655 1045 1730 animam,
1070 1674 1150 1737 quae
1174 1654 1267 1718 ratio-

121 1762 235 1826 nabilis
260 1766 292 1826 et
318 1763 537 1847 intellegibilis
564 1763 723 1826 interioris
752 1763 889 1827 hominis
920 1763 1114 1827 aestimatur.
1147 1761 1267 1843 Hippo·

121 1872 222 1933 crates
247 1872 352 1932 autern
378 1869 439 1931 etsi
464 1869 580 1933 Critiae
604 1888 663 1931 non
688 1868 870 1950 inprobauit
892 1869 1054 1952 ingenium
1079 1888 1135 1932 nec
1160 1869 1267 1950 dispu-
1283 1891 1310 1931 ra

120 1975 272 2041 tationem
312 1975 380 2038 eius
417 1975 587 2058 redarguit,
626 1979 731 2039 tamen
774 1976 948 2041 sententiae
989 1995 1050 2040 non
1092 1975 1267 2057 adquieuit.

120 2082 308 2146 Aristoteles
333 2081 548 2146 endelechiam
574 2082 662 2157 dixit,
686 2083 790 2166 ignem
816 2083 869 2146 alii
899 2102 969 2147 esse
996 2085 1177 2148 uoluerunt.
1211 2101 1267 2146 uos
1327 2088 1347 2141 B

119 2189 220 2271 igitur
248 2189 432 2253 huiusmodi
466 2189 655 2253 diuisionem
690 2195 864 2268 teneamus
897 2194 935 2254 ut
966 2209 1149 2271 separemus
1183 2188 1267 2271 qnod

121 2298 170 2359 est
192 2295 378 2360 rationabile
403 2297 535 2370 animae,
565 2297 656 2359 cuius
686 2297 864 2361 substantia
892 2297 1018 2361 diuinus
1048 2299 1095 2360 est
1124 2296 1265 2379 spiritus,

121 2403 205 2465 sicut
238 2403 282 2465 ait
315 2402 486 2484 scriptura:
527 2402 618 2483 quia
655 2402 896 2467 insufflanit
927 2403 964 2466 in
998 2403 1144 2467 faciem
1178 2403 1265 2467 eius
1287 2426 1311 2463 rs

120 2509 313 2590 spiritum
345 2509 473 2584 uitae,
503 2528 573 2572 esse
602 2512 709 2573 autem
739 2509 770 2572 in
796 2530 831 2572 ea
856 2510 1083 2573 nutrimentum
1108 2508 1266 2591 quoddam

119 2614 228 2688 uitale
267 2633 328 2694 quo
367 2615 426 2679 boc
465 2634 578 2697 corpus
617 2616 783 2691 animatur,
822 2636 892 2679 esse
931 2617 1025 2680 etiam
1068 2615 1266 2680 delectabile.

119 2719 246 2783 illarum
271 2720 370 2803 igitur
394 2725 425 2783 ct
454 2722 562 2785 uitalis
592 2725 623 2785 et
651 2722 848 2786 delectabilis
878 2722 998 2786 animae
1027 2722 1164 2804 partium
1193 2723 1267 2785 sub·

120 2828 237 2890 stantia·
260 2829 390 2911 sanguis
415 2829 633 2910 appellatura
658 2829 858 2911 quibusdam,
883 2830 959 2894 licet
986 2830 1081 2893 etiam
1111 2829 1267 2910 scriptura

120 2934 245 2998 dixerit:
271 2937 401 2999 anima
424 2935 556 3000 totius
581 2937 716 3000 carnis
742 2937 912 3020 sanguis
933 2939 1004 3000 est.
1024 2935 1148 3017 proprie
1168 2935 1267 3019 igitur
1287 2942 1351 3000 rac

207 3127 276 3179 del.
296 3125 479 3179 Tertullianus
500 3124 531 3178 de
553 3126 642 3178 anima
662 3143 683 3179 c.
704 3127 719 3178 5
738 3126 815 3179 Diels
836 3126 1009 3195 Dorograplri
1029 3143 1067 3195 gr.
1088 3144 1113 3195 p.
1135 3127 1187 3179 212
1207 3145 1264 3195 sqq.

118 3213 236 3267 Macrob.
253 3231 346 3268 comm.
362 3214 389 3266 in
404 3213 493 3266 Somn.
510 3213 581 3282 Scip.
597 3212 607 3265 l
623 3215 663 3271 14,
677 3214 708 3266 19
719 3230 758 3281 sq.
799 3214 830 3265 15
847 3212 912 3266 Gen.
929 3214 953 3276 2,
970 3214 984 3264 l
1022 3214 1056 3266 20
1072 3214 1159 3268 Leuit.
1178 3215 1217 3272 17.
1235 3216 1262 3266 11

156 3339 167 3389 l
189 3338 328 3408 passiones
346 3338 447 3391 habeat
465 3336 492 3389 B
565 3339 580 3389 2
600 3343 664 3405 post
689 3336 824 3390 delectent
842 3337 873 3389 in
892 3337 983 3391 codice
1002 3338 1147 3406 arabetypo
1165 3337 1265 3391 excidit

111 3426 223 3493 folium,
239 3443 292 3494 quo
311 3443 344 3480 ea
362 3426 575 3480 conscindamur
588 3442 659 3493 qaue
671 3424 749 3493 apud
761 3425 906 3479 Philonem
922 3426 1084 3495 Qatacet.11
1098 3429 1137 3479 58
1151 3426 1225 3493 (ult)
1241 3432 1266 3478 et

121 3515 159 3566 59
178 3515 261 3580 (init.)
282 3515 408 3582 leputatur
480 3513 679 3567 bfilosoloram
699 3513 982 3583 Pfilosoplrorurnl'
1053 3517 1175 3568 constare
1194 3514 1222 3567 P
1239 3519 1265 3583 (a

118 3602 159 3663 (in
178 3602 245 3669 rus.)
287 3603 361 3656 anti
380 3601 478 3655 DNM
495 3603 581 3655 uteP
598 3605 629 3655 ut
651 3602 681 3655 T*
702 3607 748 3655 cet.
791 3603 905 3671 iquam
925 3603 952 3654 P
971 3607 1006 3665 (m
1026 3607 1107 3669 crae.)
1152 3602 1263 3672 9lppo-

118 3693 205 3743 crates
224 3690 251 3742 P
268 3691 401 3759 ipocrates
420 3690 509 3744 DNB
527 3694 669 3760 ypocratcs
694 3691 785 3744 PCM
803 3692 950 3761 hipocrites
973 3692 998 3744 Τ
1075 3692 1107 3745 10
1127 3692 1221 3745 critiae
1239 3692 1265 3744 P

119 3777 138 3839 (i
153 3794 197 3845 pr.
213 3779 244 3830 in
258 3795 313 3831 ras.
328 3784 370 3831 nal
383 3795 416 3831 cx
428 3779 478 3842 a?)
493 3779 596 3845 gratiae
616 3778 641 3831 T
695 3781 727 3832 12
742 3780 889 3833 aristotiles
904 3780 931 3832 P
945 3783 1023 3847 (corr.
1039 3783 1096 3844 m2)
1116 3779 1264 3833 T‘DBCM

154 3865 337 3920 endelechiam
355 3867 453 3934 scripsi
472 3867 649 3920 entelechiam
666 3886 682 3917 α
702 3867 879 3921 endelichiam
899 3867 934 3920 M
955 3869 1012 3921 eius
1032 3869 1075 3931 (ei'
1099 3868 1196 3933 ΤΗΝ)
1218 3868 1263 3920 de·

117 3953 207 4006 liciam
228 3954 331 4016 (dilicit
354 3955 391 4017 Τ)
412 3959 458 4008 ccl.
516 3956 549 4007 14
568 3956 679 4024 spiritus
700 3956 726 4022 ·)’
747 3957 805 4009 uita
824 3957 893 4015 (uita
912 3974 970 4024 cap.
990 3960 1050 4022 m2;
1069 3972 1120 4009 oni.
1140 3957 1262 4012 sicut...

117 4043 256 4110 spiritmn3
275 4044 354 4110 infra
373 4045 404 4095 ia
422 4060 472 4111 rap.
493 4044 571 4112 1111)·
583 4044 669 4097 siout.
684 4087 689 4096 .
702 4088 706 4097 .
718 4045 841 4113 spiritum
858 4047 923 4116 sitq,
940 4063 953 4116 q
968 4049 1015 4097 m2
1028 4047 1059 4098 an
1074 4062 1130 4099 ras.
1146 4062 1178 4099 aa
1198 4051 1224 4111 a)
1240 4046 1267 4098 P

119 4131 151 4183 16
171 4132 244 4184 uitae
265 4134 324 4185 uita
341 4132 368 4185 B
463 4132 497 4184 ‘20
517 4133 601 4202 igitur
621 4132 648 4202 ·)·
670 4135 756 4186 carnis
777 4134 815 4203 (·)·
839 4135 925 4187 carnis
943 4151 964 4190 a.
985 4135 1024 4205 u.)
1043 4135 1202 4203 sanguinem
1224 4137 1265 4199 (in

117 4237 166 4288 naq.
187 4224 229 4272 ml
248 4220 274 4289 Ἰ·
294 4221 420 4286 animam)
442 4219 469 4272 P
