2836 4822
328 359 370 413 De
389 357 448 413 Noe
467 360 509 413 32.
529 359 573 422 33,
593 358 733 411 rel-1⁴25
771 357 795 420 (Ι
814 357 866 410 276
886 356 997 410 A-err
1017 358 1061 422 A).
1199 358 1264 420 495

115 553 219 619 ebrios
243 555 344 619 fecere
369 554 510 631 diuitiae,
534 554 685 618 nobilitas
710 558 741 617 et
764 556 906 637 potestas
932 553 1095 634 superbos.
1126 550 1264 633 pulchri·
1291 559 1316 613 D

114 661 193 726 tudo
227 663 416 738 luxuriosos
450 662 541 726 euius
575 661 725 746 suffragio
759 661 878 725 alienae
915 660 1030 724 mentis
1069 658 1265 740 corruperint

115 769 304 833 castitatem.
344 787 417 851 ergo
456 788 511 850 pro
551 767 669 832 utentis
707 767 821 832 affectu
859 766 971 831 horum
1010 784 1089 847 quae
1127 765 1263 828 diximus

114 874 326 940 indifferentia
350 878 408 951 est,
434 894 567 956 quornm
592 894 671 939 usus
696 877 753 938 aut
771 873 946 938 uirtutibus
966 873 1087 956 regitur
1105 874 1161 936 aut
1179 874 1263 936 certe

81 1003 95 1043 s
116 982 184 1046 sine
208 982 436 1066 gubernatione
462 982 618 1045 uirtutum
642 981 747 1045 fraudi
766 999 835 1044 esee
854 979 1012 1061 incipiunt
1031 998 1110 1060 quac
1129 981 1264 1061 possunt

115 1107 185 1153 esse
209 1089 353 1153 utilitati.

28 1188 68 1253 23
159 1195 249 1259 Nunc
275 1195 424 1277 quoniam
447 1197 521 1277 post
544 1193 702 1258 diluuium
724 1192 794 1257 Noe
823 1192 938 1256 dicitur
965 1191 1084 1257 uixisse
1112 1190 1263 1256 trecentis
1290 1191 1313 1246 Ε

116 1306 148 1366 et
179 1302 410 1385 quinquaginta
442 1302 531 1365 annis
564 1319 763 1382 nequaquam
799 1300 1063 1382 praetereundum
1101 1303 1262 1382 put-arnus

114 1408 241 1472 namin
266 1408 417 1472 trecentis
443 1426 568 1472 crucem
594 1406 712 1472 Christi
737 1405 907 1490 significari
932 1410 1051 1470 centurn
1082 1408 1142 1483 est,
1171 1405 1263 1469 errius

68 1538 96 1578 ιο
113 1519 189 1598 typo
213 1516 319 1579 iustus
345 1533 363 1576 a
386 1514 508 1577 diluuio
532 1512 687 1578 liberatus
712 1516 771 1576 eet.
795 1513 833 1576 in·
851 1512 1080 1596 quinquaginta
1097 1512 1263 1577 iubelaeus

114 1626 164 1684 est
186 1641 338 1685 numerus
362 1620 568 1693 remissionis,
593 1639 656 1701 quo
681 1619 811 1702 spiritus
837 1622 966 1683 sanctus
990 1619 1109 1683 missus
1134 1638 1151 1682 a
1176 1620 1262 1683 caelo

114 1733 164 1792 est
201 1728 335 1812 gratiam
374 1727 520 1791 humanis
557 1727 739 1808 pectoribus
776 1725 955 1790 infundens.
993 1725 1131 1807 perfecto
1165 1724 1264 1808 igitur

113 1853 243 1899 numero
268 1834 465 1899 remissionis
490 1838 522 1897 et
551 1833 669 1918 gratiae
697 1832 803 1897 iustus
833 1832 1025 1896 curriculum
1053 1833 1138 1896 uitae
1165 1831 1261 1895 huius
1289 1843 1311 1897 F

28 1937 67 2000 24
114 1941 271 2023 impleuit.
310 1940 349 2004 de
378 1941 580 2024 generatione
609 1940 712 2022 inquit
738 1940 888 2023 Iapheth:
921 1939 1057 2003 Bodas
1090 1944 1128 2003 et
1156 1939 1261 2002 aliae

72 2049 277 2113 reinsulae
312 2047 522 2112 nationum
555 2050 659 2112 sunt.
693 2067 753 2111 non
786 2047 932 2111 inmerito
965 2046 1102 2111 latitudo
1135 2045 1262 2122 dicitur,

115 2155 238 2236 quando
272 2156 367 2219 etiarn
400 2155 431 2218 in
461 2155 592 2219 alteram
621 2158 743 2236 partem
771 2158 911 2231 naturae,
940 2154 1000 2217 hoc
1029 2157 1078 2217 est
1105 2153 1263 2217 maritima

115 2261 275 2342 generatio
310 2261 377 2324 eius
410 2261 576 2344 processit.
609 2280 684 2324 uere
717 2261 799 2324 enirn
833 2263 995 2341 tamquam
1027 2259 1162 2324 latitudo
1200 2279 1260 2324 non

113 2366 175 2432 fuit
204 2386 240 2432 eo
270 2371 426 2443 contenta,
456 2368 541 2450 quod
569 2368 601 2432 in
629 2387 723 2432 usum
752 2367 934 2431 hominibus
967 2371 1079 2431 natura
1111 2367 1261 2449 praesori-

112 2478 230 2557 pserat
259 2473 319 2538 hoc
349 2476 398 2537 est
425 2476 526 2537 terrae
554 2473 766 2555 possessione,
796 2493 906 2537 uerum
941 2473 1036 2536 etiarn
1068 2471 1262 2556 introgressa

66 2609 94 2649 zo
114 2585 165 2646 est
186 2600 283 2657 mare,
308 2580 346 2643 ad
370 2580 492 2643 insulas
516 2579 807 2662 usque-processit.
833 2579 893 2643 hoc
918 2577 1091 2643 seeundum
1110 2578 1260 2642 litteram.

28 2685 64 2749 25
113 2687 289 2753 secundum
323 2686 466 2751 altiorem
501 2690 608 2750 antem
641 2705 779 2762 sensum,
813 2705 849 2750 eo
884 2685 969 2767 quod
1002 2704 1038 2749 ea
1066 2704 1146 2768 quae
1175 2688 1261 2749 extra

113 2799 197 2873 sunt,
226 2813 306 2876 quae
334 2794 483 2857 dicuntur
511 2793 601 2868 bona,
632 2792 762 2857 diuitiae
789 2796 966 2874 potestates
995 2793 1139 2870 honores,
1168 2792 1359 2876 quasiet'tn

113 2901 332 2965 diffunduntur
354 2901 451 2965 latius
478 2919 534 2964 nec
557 2903 682 2964 tanturn
706 2900 755 2963 his
780 2899 919 2964 contenti
940 2903 1016 2964 sunt
1034 2899 1151 2964 diuites
1179 2919 1259 2981 quae

111 3008 308 3073 inmanibus
329 3011 361 3072 et
378 3009 410 3071 in
431 3011 604 3090 conspectu
628 3010 712 3084 sunt,
738 3006 794 3071 sed
815 3008 911 3092 longe
935 3009 1060 3089 lateque
1080 3007 1260 3072 diffundunt

65 3144 93 3185 ει
112 3134 185 3179 suas
211 3114 413 3196 cupiditates,
439 3115 513 3179 dum
538 3118 594 3178 aut
616 3114 822 3197 pecuniarum
843 3114 1050 3196 conpendium
1073 3114 1111 3178 de
1132 3114 1259 3179 ulterio-

110 3221 198 3286 ribus
222 3221 385 3304 quaeritur
408 3224 464 3285 aut
487 3223 586 3286 bonor
604 3241 622 3285 a
640 3220 786 3303 pluribus
806 3224 861 3284 aut
878 3223 1022 3302 potestas
1041 3220 1186 3286 diffusior
1205 3225 1260 3285 aut

113 3326 281 3411 cupiditas.

201 3571 216 3623 7
243 3569 309 3624 Gen.
336 3572 361 3629 9.
388 3570 422 3623 28
448 3570 527 3623 Philo
555 3568 666 3634 Quaest.
692 3569 719 3622 Il
746 3570 780 3623 78
873 3571 905 3622 14
932 3569 999 3622 Gen.
1022 3569 1063 3629 10.
1082 3571 1100 3623 4
1118 3586 1157 3640 sq.
1178 3569 1257 3623 Philo

112 3657 221 3724 Quaest.
241 3659 322 3713 1180

146 3802 163 3854 2
182 3801 331 3855 luxuriosos
349 3802 377 3855 P
395 3803 435 3871 (os
451 3801 499 3880 att.
516 3817 549 3854 ea
563 3819 594 3854 us
608 3806 666 3868 mt)
686 3801 774 3854 T¹NC
826 3799 984 3869 suffragatio
1000 3800 1060 3854 DN
1112 3801 1259 3872 corrupint

110 3916 141 3970 D
158 3918 277 3987 corrupit
295 3915 326 3970 N
344 3881 521 3986 corruperunt
540 3917 568 3970 B
587 3919 607 3983 (i
626 3919 657 3970 in
675 3917 743 3986 rua.)
803 3918 820 3970 4
840 3916 1038 3970 indifferentiae
1057 3921 1122 3970 suut
1140 3917 1262 3972 DNCM

112 4005 145 4059 10
164 4007 221 4076 tipo
237 4006 298 4060 PT*
372 4006 493 4059 iubeleus
508 4005 621 4059 PDNB
639 4012 665 4059 ct
683 4008 708 4069 (e
723 4022 768 4075 pr.
788 4022 821 4059 ex
839 4007 859 4071 i)
881 4006 911 4059 P
931 4006 1046 4059 iubileus
1061 4006 1120 4060 Cui
1169 4008 1200 4060 ll
1217 4014 1259 4063 eet

111 4094 219 4149 ucaelo
238 4095 275 4148 M
334 4096 366 4149 14
385 4096 453 4148 infet
476 4096 506 4148 Τ*
526 4095 620 4164 iaphet
638 4101 686 4150 cet.
748 4096 780 4148 19
799 4112 871 4149 mare
890 4096 1057 4163 introgressa
1076 4101 1139 4162 (cm.
1158 4101 1210 4161 est)
1231 4098 1258 4150 Β

152 4185 321 4253 introgressa
340 4186 367 4238 Ρ
384 4188 411 4249 (o
427 4201 459 4239 ea
479 4186 503 4252 a)
566 4185 600 4239 20
621 4190 661 4238 cst
681 4184 825 4239 delendum
843 4185 1025 4239 concremetur
1079 4187 1111 4240 21
1134 4204 1165 4241 co
1185 4186 1258 4257 quod

109 4288 179 4329 erae
198 4274 236 4331 Ι),
256 4290 307 4328 orn.
327 4273 360 4327 N
