2836 4822
173 363 237 425 484
644 360 841 415 Ambrosii

172 555 351 620 Zacchaeus
367 555 439 619 ideo
454 555 579 619 ueniam
595 555 720 632 meruit,
737 557 887 638 quianon
904 557 1007 621 solnm
1028 577 1061 621 se
1080 558 1313 634 restitutumm,

171 663 227 726 sed
250 662 462 744 quadruplum
483 662 628 744 promisit
646 662 762 743 quibus
782 663 889 744 aliqua
908 664 1104 741 sustulisset,
1123 666 1313 748 pauperibus
1360 674 1376 728 1

172 788 297 851 qnoque
320 768 521 832 medietatem
547 769 597 833 sui
620 769 801 850 patrimonii
825 769 1025 835 donaturum.

83 876 147 939 103
217 875 460 940 Consideremus
484 876 579 939 etiam
604 875 789 957 diligentins
813 875 890 958 quid
914 876 957 940 sit
980 876 1065 959 quod
1092 878 1150 941 ait:
1184 897 1312 941 arcum

171 1002 297 1046 meum
328 1001 468 1064 ponam
501 983 539 1046 in
571 982 676 1059 nube,
708 988 747 1046 et
777 982 855 1046 erit
886 983 1045 1067 signum
1073 986 1350 1049 testamentis

172 1090 328 1153 aeterni
353 1090 460 1154 inter·
484 1109 540 1153 me
564 1094 603 1154 et
626 1092 786 1154 terram.
820 1092 859 1154 et
889 1091 969 1154 erit
999 1109 1085 1155 cum
1116 1092 1314 1156 innubila-

171 1216 265 1261 nero
298 1198 424 1261 nubes
456 1215 577 1278 snper
607 1200 765 1274 terra-m,
797 1197 960 1279 parebit
991 1216 1107 1262 arcus
1137 1219 1247 1263 mens
1277 1200 1313 1263 in

170 1306 283 1380 nrrbe,
309 1308 348 1369 et
374 1323 521 1369 memor
552 1324 615 1368 ero
646 1304 889 1368 testamenti
921 1304 1005 1367 mei.
1039 1305 1208 1369 nonenim
1233 1307 1316 1370 sicut

169 1413 311 1494 plerique
340 1410 539 1487 arbitrantur,
568 1428 676 1473 arcum
703 1409 802 1474 istum
831 1408 909 1474 dicit
936 1429 1029 1492 quem
1060 1411 1151 1475 aiunt
1173 1413 1314 1476 homines

171 1538 250 1591 esse,
275 1537 338 1600 qno
362 1517 542 1600 pluuiarum
566 1516 658 1600 signa
681 1516 787 1597 aliqua
811 1515 1019 1591 declarentur,
1041 1517 1073 1580 in
1103 1537 1165 1600 qno
1195 1520 1314 1583 colores
1333 1544 1356 1583 ro

170 1625 288 1689 diuersi
307 1627 469 1705 tamquam
487 1622 647 1686 radiorum
666 1620 744 1684 solis
764 1639 846 1685 nunc
864 1622 1074 1703 mtilantinm,
1093 1641 1178 1688 nnnc
1196 1624 1314 1689 lumine
1369 1629 1386 1682 n

170 1731 300 1795 clariore
314 1730 490 1794 lucentium
505 1728 690 1811 figurantur,
708 1728 789 1791 unde
806 1731 838 1791 et
855 1728 966 1810 pluuia
983 1728 1091 1793 sutura
1109 1730 1314 1813 significatur,

171 1858 206 1902 eo
244 1837 329 1920 quod
365 1834 577 1901 inconstantia
613 1834 768 1915 quaedam
806 1835 986 1899 serenitatis
1027 1837 1220 1902 uersicolora
1260 1838 1316 1903 illa

170 1944 276 2026 specie
301 1944 542 2008 demonstretur.
576 1960 683 2005 arcum
709 1940 792 2004 hunc
816 1941 887 2004 irim
912 1941 1040 2023 qnidam
1064 1943 1235 2026 appellant,
1260 1945 1316 2009 sed

170 2052 253 2116 absit
280 2056 317 2116 ut
346 2051 428 2114 hunc
457 2069 564 2113 arcum
595 2048 645 2111 dei
674 2066 744 2111 esse
769 2047 926 2124 dicamus;
951 2049 1002 2113 hic
1027 2050 1237 2130 animemus,
1261 2052 1355 2134 qnia

169 2159 224 2222 iris
249 2158 374 2229 dicitur,
398 2177 453 2239 per
476 2157 559 2219 diem
584 2154 684 2218 uideri
714 2153 806 2230 solet,
835 2157 928 2219 nocte
956 2175 1017 2220 non
1046 2159 1185 2238 apparet.
1219 2159 1314 2222 etiam

169 2284 224 2347 per
240 2265 348 2347 ipsum
367 2264 460 2340 diem,
481 2263 508 2326 si
528 2261 686 2326 obductus
712 2280 764 2324 aer
787 2261 897 2324 taetris
923 2260 1060 2326 nubibus
1084 2263 1190 2342 fuerit,
1210 2283 1250 2328 ne
1269 2265 1315 2329 sic

170 2372 298 2455 quidem
325 2371 462 2447 uidetur,
491 2370 523 2432 ni
550 2369 630 2432 forte
659 2387 732 2432 cnm
760 2369 922 2451 grauiores
955 2368 1055 2433 nubes
1089 2388 1123 2433 se
1156 2371 1317 2452 coeperint

78 2479 141 2547 104
166 2479 312 2543 relaxare.
337 2497 411 2561 ergo
435 2477 602 2541 uideamus
622 2495 671 2553 ne,
692 2475 766 2556 quia
785 2494 887 2552 arcus¹
908 2495 970 2557 quo
991 2475 1126 2559 sagittae
1145 2477 1315 2555 iaciuntur,

165 2605 247 2649 nunc
272 2585 422 2658 tenditur,
441 2602 525 2647 nunc
544 2582 728 2657 resoluitur,
748 2582 904 2663 quandam
924 2583 1137 2648 extensionem
1158 2588 1190 2649 et
1207 2586 1316 2649 remis·
1332 2609 1357 2649 so

165 2691 285 2755 sionem
310 2690 456 2754 uideatur
479 2689 637 2771 scriptura
663 2687 852 2771 significare,
877 2708 933 2770 per
952 2708 1046 2771 quam
1065 2709 1167 2771 neque
1185 2691 1314 2774 penitus
1355 2697 1401 2752 270

164 2818 221 2880 per
242 2798 371 2861 nimiam
396 2796 610 2860 extensionem
633 2795 783 2858 uniuersa
806 2800 1003 2878 rumpantur,
1023 2796 1079 2860 sed
1098 2797 1141 2860 sit
1159 2798 1314 2879 quaedam

166 2924 313 2969 mensura
336 2909 369 2968 et
391 2903 547 2986 quoddam
573 2902 699 2966 diuinae
724 2903 854 2966 uirtutis
879 2921 1018 2968 examen.
1043 2907 1093 2968 est
1116 2923 1189 2987 ergo
1210 2905 1315 2971 uirtus

164 3012 338 3076 inuisibilis
362 3012 422 3086 dei,
447 3030 526 3091 qnae
551 3014 582 3073 et
602 3009 706 3093 specie
725 3009 820 3073 istius
840 3028 931 3073 arcus
951 3010 1138 3074 extendendi
1157 3014 1189 3076 et
1208 3013 1316 3077 remit

164 3119 251 3183 tendi
280 3118 460 3182 moderatur
488 3137 542 3199 pro
572 3116 680 3180 diuina
708 3116 873 3180 uoluntate
901 3116 1118 3182 misericordia
1140 3121 1314 3199 potestate,
1333 3148 1360 3190 2⁵

165 3245 244 3308 quae
273 3245 373 3307 neque
402 3225 507 3290 omnia
536 3222 685 3288 confundi
713 3222 810 3285 nimia
838 3222 997 3287 solutione
1024 3242 1125 3305 neque
1158 3224 1315 3309 dismmpi

163 3334 261 3398 nimia
287 3334 467 3416 inruptione
496 3332 643 3414 patiatur.
678 3349 772 3411 quam
801 3328 870 3394 ideo
899 3329 931 3391 in
959 3329 1098 3394 nubibus
1126 3329 1205 3394 dicit
1227 3333 1314 3413 poni,

164 3441 239 3523 qnia
255 3445 330 3505 tunc
350 3440 484 3505 maxime
504 3457 584 3521 opus
604 3442 653 3501 est
670 3436 794 3500 diuinae
810 3435 925 3499 auxilio
941 3435 1169 3518 prouidentiae,
1185 3438 1312 3520 qnando

164 3549 289 3632 agmina
308 3550 440 3612 nubium
460 3547 491 3609 in
510 3546 665 3629 proeellas
690 3545 960 3624 tempestatesque
985 3547 1151 3626 coguntur.
1175 3543 1312 3627 ideoque
1376 3560 1397 3615 Β

164 3656 255 3720 dicit:
276 3675 409 3720 arcum
430 3673 553 3718 nterim
574 3670 714 3734 ponam
733 3650 771 3713 in
792 3650 904 3727 nube,
920 3669 982 3714 non
997 3649 1158 3733 ‘sagittam
1174 3659 1310 3732 ponam’.
1332 3683 1360 3724 ω

254 3814 266 3866 1
288 3814 351 3866 Luc.
372 3814 414 3876 19,
433 3811 450 3863 8
505 3812 523 3864 4
542 3808 608 3861 Gen.
629 3809 654 3873 9,
675 3806 779 3861 13-16
799 3805 879 3858 Philo
901 3804 1012 3870 Quaest.
1032 3803 1113 3859 1164

201 3941 212 3991 l
233 3936 348 3991 zacheus
367 3932 488 3987 PDNM
504 3932 634 3985 zachaeus
653 3936 701 3983 cet.
780 3946 808 3982 se
828 3945 849 3982 a.
868 3945 896 3982 u.
915 3932 963 3981 m2
981 3929 1007 3981 P
1080 3929 1240 3984 restiturum
1260 3930 1314 3983 ΒΟ

163 4033 187 4081 et
206 4043 273 4081 corr.
293 4025 373 4078 Pm2
386 4023 468 4076 T‘ml
536 4018 674 4089 2aliquid
694 4018 721 4070 B
793 4017 994 4082 diastamenti
1012 4016 1040 4070 P
1104 4018 1136 4070 14
1156 4018 1265 4087 qnidam
1284 4020 1313 4072 P

164 4130 192 4185 (q
211 4132 244 4169 ac
263 4119 288 4179 a)
397 4114 497 4164 uocant
519 4109 576 4163 CM
666 4108 697 4160 16
716 4109 892 4176 pernoctem
911 4105 1002 4158 DCM
1091 4107 1123 4160 17
1142 4108 1223 4161 tetris
1243 4108 1310 4163 liora

163 4205 196 4259 18
215 4202 355 4271 coeperint
373 4219 401 4254 se
417 4201 444 4253 B
491 4200 523 4252 19
538 4197 647 4267 *qnoP
691 4197 724 4250 27
744 4193 1314 4266 patiatnrpoatsolutionetronspoaitN

162 4293 196 4347 28
215 4291 325 4345 diuinae
345 4296 387 4344 est
406 4291 436 4344 N
