2836 4822
316 354 356 406 De
377 352 442 407 Cain
465 357 494 406 et
511 351 581 406 hoel
599 352 626 405 Il
646 353 670 411 2,
691 353 706 405 I
745 352 768 416 (1
786 351 837 405 207
851 350 962 404 Ε-208
983 352 1024 417 E).
1198 357 1263 418 383

116 549 242 634 legitur.
269 554 301 613 et
324 552 428 613 tamen
453 548 584 613 Leuitae
603 548 807 631 primogeniti
826 549 1010 630 nuncupati,
1032 548 1148 630 quibus
1168 548 1206 610 ab
1227 568 1263 612 eo

115 676 228 721 nomen
253 661 303 720 est
327 655 516 719 deriuatum.
545 656 700 737 scriptum
730 659 779 719 est
807 655 889 719 enim
919 656 949 719 in
978 654 1143 719 Nurneris:
1178 674 1263 719 ecce

115 764 189 827 tuli
225 763 382 828 Leuitas
421 762 463 826 de
500 761 621 827 medio
654 762 826 826 filiorum
860 762 1026 826 Istrahel
1058 781 1122 843 pro
1166 761 1263 826 omni

115 870 387 953 primogenito,
422 869 484 951 qui
519 870 645 951 aperit
676 870 830 933 uuluam
855 889 872 932 a
896 869 995 933 filiis
1019 868 1201 947 Istrahel,
1227 870 1264 932 et

83 980 227 1041 serunt
263 976 356 1040 mihi
392 976 573 1051 Leuitne;
611 975 703 1039 mihi
742 975 837 1038 enim
877 995 980 1040 omne
1013 975 1261 1058 prirnitiuurn.

115 1083 150 1147 in
190 1103 261 1165 qua
299 1083 356 1146 die
394 1082 568 1165 percussi
609 1101 712 1147 ornne
750 1081 1045 1165 primogenitum
1083 1081 1306 1164 Aegypti‚t‘

115 1189 360 1253 sanctificaui
386 1209 490 1253 omne
513 1189 807 1273 primogenitum
833 1187 1010 1253 Istrahel.
1035 1208 1109 1272 ergo
1129 1188 1261 1252 Leuitae

114 1296 318 1380 primogeniti
337 1296 520 1379 nuncupati,
541 1296 596 1377 qui
611 1295 859 1360 sanctificatione
875 1295 985 1377 utique
1001 1295 1112 1359 ceteris
1128 1294 1262 1358 Istrahel

113 1402 188 1466 filiis
217 1402 346 1467 antelati
375 1407 459 1467 sunt.
493 1423 555 1484 qua
588 1403 708 1468 ratione
740 1403 941 1487 primogeniti
975 1402 1048 1466 nudi
1080 1402 1260 1483 apostolum

70 1532 95 1568 ιο
115 1510 286 1573 dicentem:
318 1509 381 1573 sed
411 1509 754 1593 adpropinquastis'
778 1509 864 1575 Sion
894 1509 1010 1574 monti
1041 1512 1078 1572 et
1105 1509 1260 1573 ciuitati

116 1615 174 1680 dei
208 1616 291 1680 uiui
328 1616 584 1695 Hierusalem,
624 1636 717 1698 quae
750 1617 783 1680 in
818 1618 922 1681 caelo
958 1619 1030 1692 est,
1064 1620 1102 1680 et
1135 1615 1260 1679 decem

113 1722 274 1786 milibus
303 1722 531 1787 laetantium
561 1725 779 1807 angelorum
809 1726 845 1787 et
869 1723 1114 1787 ecclesiarum
1139 1722 1260 1804 primi-

113 1829 290 1903 tinorum,
326 1849 418 1910 quae
452 1830 596 1913 scripta
629 1834 717 1894 sunt
749 1830 783 1894 in
817 1830 930 1895 caelo.
963 1832 1113 1911 quattuor
1136 1828 1260 1893 ordines

114 1935 200 2016 fecit,
217 1937 333 2000 montis
350 1935 436 2013 Sion,
457 1936 598 2001 ciuitatis
617 1937 831 2012 Hierusalem,
852 1935 1045 2001 celebritatis
1065 1934 1260 2018 angelorum,

70 2064 95 2102 rs
115 2041 321 2106 ecclesiarum
345 2043 590 2125 primitinarum.
623 2043 699 2107 tulit
723 2062 796 2127 ergo
821 2042 967 2108 dominus
992 2041 1070 2106 deus
1095 2041 1132 2104 de
1156 2040 1304 2104 medion

113 2149 222 2230 populi
246 2149 383 2213 Istrahel
410 2149 549 2228 Leuitas,
583 2149 656 2231 quia
688 2169 748 2214 non
782 2150 988 2213 humanarum
1021 2167 1075 2212 eos
1100 2151 1260 2212 consortes

112 2255 216 2321 uoluit
234 2275 304 2320 esse
324 2274 481 2333 curarum,
501 2255 556 2320 sed
576 2256 702 2320 diuinae
719 2255 882 2339 rehgionis
901 2255 1075 2333 ministros,
1095 2257 1127 2318 et
1145 2254 1260 2335 primo-

113 2362 236 2445 genitos
262 2362 323 2426 sihi
347 2363 424 2427 fecit
448 2362 502 2446 qui
526 2362 657 2427 uuluam
681 2363 826 2444 aperiunt
850 2363 1024 2446 spiritalem
1048 2365 1081 2425 et
1103 2362 1173 2427 ideo
1199 2381 1259 2425 non

112 2471 200 2532 erant
223 2468 261 2531 ah
286 2471 375 2532 utero
400 2472 530 2533 naturae
555 2469 640 2533 sicut
663 2468 861 2534 diuersorum
882 2470 1048 2533 criminum
1067 2471 1259 2551 peccatores,

64 2596 93 2633 ευ
112 2574 166 2639 sed
196 2574 357 2639 destrictis
387 2575 603 2640 saecularibus
633 2575 802 2659 eliguntur.
832 2576 915 2641 unde
943 2596 1002 2640 non
1039 2576 1156 2640 hahent
1187 2593 1258 2638 cum

111 2681 235 2763 plebeia
273 2681 476 2763 possessione
515 2683 709 2747 consortium
747 2703 803 2747 nec
842 2684 873 2747 in
909 2683 1012 2748 medio
1045 2682 1154 2766 populi
1188 2702 1259 2747 eon-

112 2791 273 2870 pntantur‚
312 2789 385 2870 qnia
423 2789 554 2853 uerbum
593 2789 643 2854 dei
681 2790 712 2854 in
747 2790 850 2855 medio
884 2791 933 2855 sui
968 2790 1141 2873 possident,
1174 2789 1304 2853 sicutE

112 2894 265 2978 scriptum
291 2895 394 2959 estin
421 2896 601 2979 euangelio:
626 2897 691 2961 uhi
717 2900 805 2961 sunt
829 2896 899 2962 duo
924 2899 984 2961 uel
1009 2901 1088 2961 tres
1108 2914 1257 2979 congre·

111 3001 191 3084 gati
223 3001 257 3066 in
286 3002 433 3066 nomine
463 3022 553 3080 meo,
582 3003 634 3067 ihi
664 3023 731 3087 ego
763 3024 842 3068 sum
866 3004 902 3068 in
926 3005 1046 3069 medio
1076 3024 1201 3069 eorum
1226 3006 1258 3066 et

62 3129 90 3168 25
112 3107 203 3170 alibi:
230 3107 376 3172 medius
401 3112 570 3173 uestrum
595 3113 673 3174 stat
696 3129 801 3192 quem
826 3130 893 3176 uos
918 3111 1089 3176 nescitis.

199 3423 216 3475 2
234 3421 314 3475 Num.
335 3424 359 3485 3,
381 3423 414 3476 12
429 3441 468 3492 sq.
484 3422 563 3477 Philo
579 3422 611 3476 de
625 3440 691 3476 sacr.
708 3425 742 3477 36
757 3423 829 3493 (186,
844 3425 891 3489 26,
906 3424 918 3476 Ι
934 3424 995 3487 250,
1011 3425 1026 3477 2
1044 3424 1084 3489 C.)
1126 3427 1158 3479 lo
1173 3427 1255 3481 llebr.

111 3512 152 3569 12,
172 3510 207 3563 22
226 3528 266 3580 sq.
322 3513 356 3564 ‘23
376 3512 475 3566 Matth.
497 3511 539 3575 18,
558 3511 593 3565 20
648 3513 759 3566 251011.
781 3512 804 3576 1,
824 3513 858 3567 26

145 3720 175 3772 ll
197 3721 394 3776 hierusalem..
408 3766 412 3774 .
424 3723 525 3793 scripta
544 3728 606 3776 sunt
626 3739 677 3776 ons.
696 3723 722 3774 Γ
777 3725 808 3776 12
828 3730 852 3776 et
874 3726 905 3778 15
924 3723 1095 3778 scribendum
1116 3741 1171 3777 esee
1184 3731 1255 3792 pulo

108 3809 238 3863 ecclesiae
265 3812 472 3881 prirnitiuorum.
498 3813 533 3879 cf.
559 3813 650 3881 Epist.
677 3814 824 3867 XXXIII
848 3817 865 3865 4
967 3815 999 3866 ld
1025 3814 1196 3866 ecelesiarum
1225 3815 1256 3864 dl

108 3898 248 3952 ecclesiam
267 3900 294 3953 A
314 3903 342 3953 et
361 3901 501 3955 ecclesiam
517 3902 552 3953 A‘
567 3906 596 3955 et
610 3902 781 3956 ecclesiarum
797 3909 844 3956 cet.
885 3904 915 3956 le
932 3902 1031 3955 israhel
1046 3903 1086 3954 Μ’
1101 3902 1181 3955 israel
1195 3902 1255 3955 PP‘

106 3987 157 4040 isrl
176 3987 239 4051 BV,
259 4005 311 4044 om.
330 3989 429 4043 Mas*
477 3992 509 4044 19
529 3993 606 4044 erant
621 3990 654 4045 P¹
669 3996 759 4044 errant
778 3997 823 4044 eet.
871 3993 905 4044 20
921 3990 1057 4044 destrictis
1072 3991 1255 4044 saecularibus

105 4078 205 4145 compsi
224 4076 369 4131 destructis
389 4079 572 4132 saecularibus
591 4080 617 4133 Α
636 4080 835 4134 Lauduneasia
858 4087 882 4133 rt
905 4080 1060 4134 Uaticanus
1080 4081 1151 4134 aller
1169 4080 1254 4134 illuu-

108 4167 233 4219 riporum
257 4165 403 4221 destructis
428 4168 461 4234 (is
486 4185 519 4222 cc
541 4169 589 4237 ib')
613 4169 795 4222 saecularibus
815 4170 850 4221 A‘
870 4170 1000 4223 destructi
1020 4169 1202 4223 saecularibus
1221 4171 1256 4224 Μ

107 4252 254 4308 destructis
274 4255 349 4320 (trie
371 4256 422 4316 Μ’)
443 4274 472 4310 se
492 4257 641 4311 cultoribus
660 4257 798 4312 BII‘P‘I'
814 4257 960 4312 destruetis
980 4258 1129 4318 cultoribus
1149 4259 1176 4312 P
