2836 4822
188 336 250 399 144
661 332 859 386 Ambrosii

186 527 383 610 diuersisque
412 528 605 605 fluminibus
631 529 789 612 siquidem
813 549 895 612 aqua
917 530 1002 612 prior
1024 529 1199 594 animarum
1222 528 1332 593 uiuen-

141 627 267 700 tuum
294 617 429 717 ‘reptilia
466 635 573 699 diuino
616 640 695 701 nutu
736 637 892 719 imperata
931 637 1089 720 produxit.
1131 635 1210 700 adde
1251 636 1333 700 hano

187 742 330 824 gratiam,
360 742 445 824 quod
474 761 510 805 ea
539 762 618 825 quae
646 743 799 808 timemus
827 743 859 806 in
888 743 980 807 terris
1004 762 1148 806 amamus
1171 743 1204 806 in
1228 742 1331 824 aquis.

186 849 301 912 etenim
338 849 428 914 noxia
464 849 495 913 iu
534 849 625 913 terris
662 850 694 913 in
732 869 814 931 aqua
850 850 975 914 innoxia
1017 851 1092 914 sunt
1133 853 1227 931 atque
1269 848 1332 930 ipsi

185 973 304 1038 angues
329 954 396 1019 siue
421 974 552 1020 ueneno.
577 956 625 1020 leo
651 956 800 1021 tenibilis
821 957 852 1020 in
873 956 976 1032 terris,
996 955 1099 1020 dulcis
1119 956 1150 1019 in
1169 955 1333 1019 ductibus.
1362 978 1373 1016 a

184 1081 343 1134 muraena,
374 1082 467 1144 quam
495 1063 601 1127 ferunt
628 1063 747 1144 aliquid
770 1064 885 1127 habere
909 1063 1046 1140 noxium,
1071 1081 1143 1127 esea
1165 1061 1335 1144 pretiosior

185 1171 243 1231 est.
280 1187 354 1232 rana
391 1170 519 1233 horrens
554 1169 584 1232 in
623 1170 803 1252 paludibus,
843 1169 956 1234 decora
997 1170 1028 1233 in
1063 1169 1153 1250 aquis
1185 1167 1332 1233 omnibus
1394 1179 1408 1235 l

184 1273 247 1338 fere
288 1279 429 1357 praestat
471 1276 638 1341 alimentis.
680 1276 771 1358 plura
812 1277 838 1340 si
876 1276 931 1357 qui
966 1277 1039 1340 nult
1075 1293 1277 1359 cognoscere,
1315 1293 1332 1338 a

185 1380 319 1445 diuersis
357 1381 499 1445 locorum
536 1381 749 1464 piscatoribus
789 1385 937 1464 quaeram
976 1400 1067 1446 nemo
1106 1382 1188 1445 enim
1227 1384 1334 1463 potest

185 1487 289 1551 omnia
326 1487 585 1570 conprehendere.
625 1506 716 1551 canes
754 1507 829 1552 sane
868 1491 900 1551 et
936 1487 967 1552 in
1007 1487 1085 1550 mari
1124 1506 1213 1565 caue,
1253 1507 1332 1569 qnos
1352 1514 1375 1552 ιο

184 1596 216 1656 et
252 1593 283 1657 in
321 1595 456 1660 ecclesia
493 1595 645 1659 molestos
684 1615 753 1659 esse
789 1594 1009 1659 etoanendos
1042 1597 1207 1676 apostolus
1241 1595 1334 1659 docet

185 1699 315 1765 dicens:
363 1704 506 1765 cauete
558 1720 695 1778 canes,
743 1706 886 1766 cauete
933 1702 1059 1765 malos
1111 1701 1331 1784 operarios.

185 1808 340 1873 mustelae
374 1808 480 1891 grauis
514 1808 545 1871 in
578 1809 670 1872 terris
705 1809 790 1884 odor,
818 1809 849 1871 in
878 1808 970 1889 aquis
1000 1807 1120 1872 suauis.
1142 1811 1272 1872 ‘terrena
1300 1824 1332 1870 se

184 1913 274 1977 nouit
312 1912 453 1978 uindicta
489 1913 618 1978 foetoris
655 1914 780 1987 ulcisci,
823 1914 898 1978 haec
940 1932 1002 1976 uon
1043 1913 1197 1977 minorem
1238 1913 1334 1976 habet

185 2019 319 2103 gratiam
357 2023 448 2101 capta
485 2040 578 2102 quam
615 2021 723 2084 libera.
761 2039 863 2102 neque
900 2022 932 2083 te
967 2020 1191 2084 inhonoratum
1224 2021 1406 2082 nostrast)

184 2127 417 2210 prosecutione,
446 2127 610 2209 thymalle,
640 2127 809 2204 dimittam,
834 2126 886 2190 cui
911 2146 929 2190 a
951 2126 1027 2191 flore
1050 2146 1164 2190 nomen
1187 2125 1331 2191 inoleuit.

187 2252 244 2298 seu
272 2232 373 2296 Ticini
402 2233 487 2297 tanda
514 2237 545 2296 te
573 2233 714 2298 fluminis
744 2253 800 2297 seu
826 2234 951 2298 amoeni
973 2233 1104 2298 Athesis
1128 2233 1214 2297 unda
1235 2232 1333 2296 nutri·

187 2340 339 2417 eritius
364 2359 407 2405 es.
433 2341 567 2423 denique
592 2361 694 2405 sermo
719 2341 868 2404 testatior
901 2341 985 2422 quod
1009 2340 1046 2405 de
1072 2359 1108 2405 eo
1133 2340 1187 2423 qui
1212 2343 1333 2424 matum

186 2447 323 2511 redoluit
356 2448 548 2514 suauitatem
582 2447 701 2512 dictum
735 2447 835 2511 facete
865 2448 925 2511 sit:
955 2452 1011 2512 aut
1037 2447 1157 2530 piscem
1187 2437 1333 2510 olet'aut

186 2555 313 2627 fiorem;
342 2554 387 2617 ita
414 2554 498 2618 idem
526 2555 749 2635 pronuntiatus
774 2557 824 2617 est
846 2554 944 2635 piscis
970 2555 1046 2619 odor
1070 2574 1139 2619 esse
1160 2553 1213 2635 qui
1237 2554 1331 2617 floris.
1348 2575 1371 2613 a

187 2660 263 2743 quid
301 2661 404 2743 specie
446 2667 503 2724 tna
543 2660 675 2745 gratius,
719 2661 795 2743 quid
837 2662 997 2725 suauitate
1038 2661 1215 2737 iocundius,
1259 2659 1332 2741 quid

278 2974 310 3026 12
330 2973 448 3043 Philipp.
468 2972 492 3035 3,
513 2975 529 3026 2
611 2974 642 3026 16
663 2972 695 3028 ci.
715 2973 772 3026 hel.
792 2973 825 3026 Η.
845 2973 876 3026 Α.
896 2972 978 3026 XIIII
998 2974 1032 3026 22
1052 2978 1080 3027 et
1098 2971 1198 3027 Auson.
1218 2973 1332 3028 Mosella

188 3062 221 3114 97
242 3066 270 3115 et
290 3063 340 3116 115

223 3240 320 3306 bpost
343 3254 446 3291 ueneno
474 3238 538 3291 add.
558 3237 610 3290 ΠΒ
634 3256 693 3292 esse
716 3256 769 3292 non
794 3243 919 3308 possunt;
944 3239 995 3292 acic
1013 3239 1140 3293 credibile
1158 3239 1331 3294 Ambrosiam

183 3326 327 3395 ncra'psiaee
350 3327 457 3394 <quiin
478 3327 557 3380 terris
576 3328 633 3379 siue
653 3344 771 3383 ueneno>
794 3344 924 3382 essenon
945 3332 1059 3397 possunt
1148 3330 1164 3382 6
1184 3327 1288 3398 aliquid
1305 3327 1332 3398 (d

187 3429 208 3466 a.
227 3419 266 3478 u.)
282 3418 328 3467 m3
345 3413 427 3468 ama
443 3414 496 3468 GP
558 3416 574 3468 8
594 3415 639 3484 qui
657 3414 690 3468 N
707 3415 771 3484 quid
790 3413 814 3466 II
835 3417 894 3484 quia
914 3420 960 3469 m3
977 3414 1057 3469 uma
1073 3415 1175 3472 GPaS
1239 3417 1270 3470 ll
1292 3431 1332 3469 ec·

189 3502 298 3555 alesiam
319 3502 398 3556 (ΤΡΥ
478 3505 510 3557 14
529 3503 640 3557 factoris
660 3504 757 3557 91an
775 3504 886 3558 foetoris
905 3504 964 3561 a‘s
979 3504 1073 3557 fetoris
1093 3509 1140 3558 cet.
1222 3506 1254 3560 16
1273 3503 1333 3574 tuy-

188 3591 268 3644 malle
286 3592 309 3643 C
327 3593 345 3656 (l
360 3609 405 3660 pr.
426 3609 485 3660 erp.
504 3592 562 3662 md)
574 3593 602 3645 P
619 3593 730 3646 thimale
749 3594 774 3646 G
792 3593 942 3647 thimallcm
964 3593 986 3644 V
1003 3594 1114 3663 tprnulle
1127 3593 1165 3647 N‘
1183 3593 1295 3662 tymelle
1308 3593 1334 3645 B

189 3680 312 3733 thhnalle
330 3680 388 3734 MS
442 3681 583 3734 demittam
601 3682 624 3735 0
642 3688 721 3747 (corr.
742 3688 799 3749 m3)
855 3700 884 3735 a*
901 3683 995 3745 Qus.
1011 3699 1037 3736 u.
1053 3683 1086 3741 P.
1103 3699 1153 3736 om.
1172 3681 1333 3750 G,sortub

192 3770 222 3821 li
244 3768 328 3821 undat
347 3775 375 3823 et
396 3769 448 3823 (JV
469 3772 543 3824 unda
566 3773 592 3823 te
618 3775 643 3837 (e
670 3771 735 3825 add.
760 3776 816 3829 aad)
843 3777 870 3824 et
888 3773 915 3824 P
933 3770 1006 3824 unda
1024 3775 1051 3824 te
1072 3776 1100 3836 et
1120 3771 1147 3825 G
1166 3775 1194 3839 (n
1213 3787 1247 3826 aa
1264 3786 1333 3832 m,e

185 3874 229 3926 pr.
249 3861 296 3910 aa?
315 3874 346 3911 ea
365 3858 383 3922 i)
458 3858 560 3912 athesis
582 3860 664 3912 Gma
682 3860 792 3912 lateasis
813 3859 834 3913 S
851 3860 917 3912 tesis
936 3860 963 3912 B
983 3861 1024 3924 {irc
1042 3876 1095 3927 pao
1115 3865 1237 3915 amoenat
1252 3857 1334 3911 atesis

193 3944 269 3999 Gan
287 3953 334 3999 cet.
434 3947 580 3999 nutriuerit
597 3947 635 4000 Μ
706 3948 738 4000 18
759 3965 787 4000 es
806 3947 864 4001 MS
881 3952 923 4000 est
941 3953 987 4001 cet.
1064 3949 1095 4001 19
1115 3945 1250 4000 redolebit
1267 3943 1333 4002 aad

190 4032 323 4086 redoleuit
340 4034 373 4089 au
456 4033 528 4086 dictu
552 4036 563 4082 (
569 4034 601 4086 Ῥ
680 4034 767 4087 facete
786 4035 823 4087 sit
841 4033 899 4088 MS
920 4034 1001 4087 facite
1021 4034 1057 4087 sit
1076 4033 1143 4090 altr
1162 4033 1284 4087 Iacetisit
1302 4034 1333 4091 91⁴

190 4148 301 4201 lacessit
321 4148 425 4203 CGPB
444 4150 553 4202 lecisset
576 4149 601 4202 V
660 4152 694 4204 20
714 4150 802 4203 odoris
822 4150 900 4219 sequi
918 4148 941 4200 lI
1004 4151 1035 4203 21
1057 4115 1198 4203 idcundius
1219 4148 1278 4204 CM
1293 4151 1333 4202 in-

191 4234 304 4288 cundius
322 4236 354 4290 a*
