2836 4822
273 359 313 412 ne
334 359 399 414 Cain
421 359 535 412 υ1.11ιι1
556 358 568 410 Ι
588 359 613 413 3.
633 360 658 415 4,
681 360 722 411 11.
745 358 776 411 12
816 357 839 423 (Ι
861 357 910 409 18ῑ
932 356 1041 410 Ρ-188
1060 357 1100 425 F).
1192 359 1255 422 347

112 555 245 618 exordiis
279 556 478 619 iuuentutem
517 555 674 619 arenarum
711 553 877 618 inlecebris
914 553 1099 635 passionum
1135 553 1256 616 feruere

112 662 183 742 «prais
217 662 345 738 abnuat,
380 661 435 725 sed
470 662 524 724 ubi
557 662 709 726 maturior
741 665 828 725 aetas
861 660 1061 737 successerit,
1094 663 1256 740 tamquam

110 769 314 851 pubescentis
326 769 477 832 lasciuiae
489 772 679 851 tempestate
692 768 839 832 discussa
852 767 1115 850 tranquillitatem
1133 767 1257 830 refrrudi

111 880 142 937 et
169 874 200 937 iu
230 875 385 956 quosdam
413 881 523 957 portus
553 876 678 957 quietos
706 876 810 939 lassae
839 875 1000 958 nauigium
1031 874 1152 937 animae
1183 873 1256 936 sub·

78 981 247 1045 educere?
270 982 377 1063 itaque
401 979 516 1065 graues
542 987 646 1046 motus
669 985 794 1047 nostrae
815 982 1049 1046 adulescentiae
1069 980 1131 1044 fida
1150 999 1255 1044 senec·
1280 993 1300 1048 O

110 1088 189 1152 tutis
213 1089 350 1153 statione
373 1088 582 1171 placidantur.

23 1194 61 1255 12
153 1195 201 1259 Ne
230 1213 303 1278 ergo
332 1194 459 1259 dubites
488 1195 606 1259 talibus
634 1201 763 1259 naturae
792 1195 972 1258 admonitus
996 1196 1148 1277 exeurplis
1172 1193 1299 1276 quedl)

109 1302 232 1365 nmlitia
250 1301 418 1383 praecedat
437 1307 589 1384 tempore,
610 1302 666 1366 sed
686 1302 926 1365 iuuenculeseat
944 1301 1136 1365 infirmitate.
1161 1301 1256 1365 habet

107 1409 162 1471 illa
172 1408 285 1472 aetatis
302 1408 506 1490 stipendium,
518 1408 622 1472 uirtus
634 1410 739 1473 autem
755 1408 1008 1491 praerogatiuam
1019 1410 1148 1492 gloriae,
1161 1428 1254 1490 quam

64 1540 89 1578 ιι
108 1515 295 1597 plerumque
310 1515 395 1580 insto
415 1514 544 1595 iniquus
563 1515 659 1579 iudici
679 1515 772 1580 cedit.
794 1515 886 1579 ouius
906 1515 950 1579 rei
971 1517 1063 1580 testis
1083 1521 1133 1581 est
1151 1516 1253 1581 tidelis

108 1621 216 1684 diuina
241 1622 406 1704 scriptura,
431 1641 511 1703 quae
536 1622 628 1685 docet
652 1623 735 1686 Esau
762 1621 949 1705 cognomine
974 1623 1129 1687 stultitiae
1149 1625 1254 1689 uirum

108 1729 245 1792 cessisse
261 1730 416 1810 patienter
429 1730 584 1811 primatus
605 1749 680 1792 suos
700 1729 788 1793 fratri
808 1749 866 1793 suo
881 1729 986 1805 lae-ob,
1001 1730 1047 1793 ita
1065 1735 1102 1793 ut
1120 1731 1253 1795 diceret:

110 1848 150 1898 ut
177 1834 271 1916 quid
297 1836 393 1899 milri
417 1836 642 1918 primatus?
666 1836 722 1900 sed
742 1855 821 1917 quos
841 1836 902 1900 iste
921 1836 1108 1918 posthabuit
1126 1838 1184 1901 bos
1205 1840 1255 1902 nir·

109 1948 316 2024 cognomento
346 1943 578 2008 exercitationis
611 1943 772 2026 praeditus
806 1943 967 2024 quaesiuit
999 1945 1120 2007 mereri.
1153 1965 1255 2010 nonne

62 2073 88 2111 ιι
108 2049 167 2112 tibi
191 2048 318 2112 uidetur
341 2049 425 2113 Esau
451 2053 613 2131 tamquam
632 2051 662 2113 in
683 2070 781 2134 agone
802 2051 907 2114 uictus
927 2054 959 2114 et
977 2051 1119 2134 propriae
1137 2053 1253 2117 mentis
1276 2065 1299 2118 ll

108 2155 290 2219 intimritate
322 2156 461 2237 inparem
495 2176 529 2220 se
562 2157 743 2221 existimaus
778 2157 912 2221 cessisse
946 2158 1060 2222 uictori
1098 2178 1253 2225 coronam.

108 2282 201 2344 <prem
236 2262 366 2326 uidebat
399 2263 495 2326 nullis
529 2263 713 2344 passionum
748 2263 914 2328 inlecebris
953 2263 1082 2327 inflecti.
1120 2284 1253 2346 quarum

108 2370 176 2451 ipse
200 2371 363 2451 puluerem
389 2370 547 2434 sustinere
571 2389 630 2433 nou
656 2373 801 2452 poterat?
830 2373 872 2433 ut
901 2369 996 2451 quid
1024 2371 1123 2435 milri
1151 2371 1254 2452 iuquit

109 2476 333 2558 primatus?
362 2477 446 2559 apud
475 2477 610 2559 ignauos
635 2478 717 2540 enim
741 2478 830 2540 nulla
854 2482 929 2541 suut
950 2477 1088 2561 iusignia
1112 2478 1253 2543 uirtutis.

59 2606 89 2645 so
109 2583 192 2664 apud
216 2585 374 2666 sapientes
399 2584 499 2667 prima
525 2584 694 2651 habentur:
720 2585 826 2648 studia
849 2585 932 2648 enim
950 2585 1081 2649 uirtutis
1101 2585 1252 2667 quaedam

109 2689 319 2753 iustrumenta
350 2692 433 2752 sunt.
462 2689 569 2770 itaque
598 2690 683 2753 sicut
709 2690 845 2753 bellator
873 2690 941 2754 sine
969 2691 1065 2755 armis
1093 2710 1164 2755 esse
1193 2711 1253 2754 uon

108 2800 214 2876 potest
242 2796 286 2860 ita
314 2815 369 2859 uec
399 2796 467 2860 sine
495 2796 717 2860 exercitatione
741 2797 855 2862 uirtus.
884 2797 968 2860 uude
996 2801 1028 2861 et
1051 2796 1198 2861 dominus
1223 2798 1252 2860 in

108 2902 275 2986 arcangelio
309 2903 369 2966 ait:
394 2923 412 2966 a
436 2902 580 2967 diebus
613 2902 806 2968 lobannis
840 2903 1055 2986 Baptistae
1087 2924 1251 2987 reguum
1277 2918 1298 2971 F

109 3010 315 3073 carolorum
346 3010 525 3092 cogitur,
558 3014 596 3074 et
626 3013 821 3092 cogentes
851 3010 1057 3091 diripiunt
1084 3011 1190 3074 illud
1220 3018 1252 3074 et

11 3163 15 3169 ·
56 3144 88 3183 ss
109 3116 200 3179 alibi:
232 3116 418 3198 quaerite
447 3136 611 3199 reguum
640 3117 719 3193 dei,
749 3121 787 3181 et
815 3136 907 3181 ecce
932 3117 1063 3181 onmia
1087 3122 1262 3199 praesto·

108 3226 203 3286 sunt
224 3222 351 3287 uobis.
373 3241 432 3286 non
454 3223 682 3287 dormientibus
703 3243 758 3287 uec
774 3223 958 3288 otiantibus.
975 3222 1029 3287 sed
1045 3223 1253 3307 uigilantibus

108 3336 140 3392 et
156 3330 372 3393 laborantibus
387 3330 578 3412 pollicentur
591 3330 740 3412 praemia,
761 3379 808 3395 ...
825 3330 880 3393 sed
894 3330 994 3393 labori
1010 3349 1130 3395 aresces
1146 3336 1253 3412 parata

199 3644 212 3694 ἰ’
232 3643 311 3695 l’lrilo
332 3643 364 3695 de
384 3660 449 3695 saer.
469 3644 486 3695 4
506 3644 578 3705 (166,
598 3644 645 3701 34ς
665 3643 677 3695 l
697 3643 759 3701 208,
778 3643 793 3695 3
815 3643 856 3712 (J.)
949 3645 977 3696 11
999 3643 1078 3696 Plrilo
1098 3643 1253 3697 alascemi

107 3732 180 3793 (leta.
201 3732 247 3787 372
268 3732 280 3784 l
299 3733 360 3793 aba,
381 3735 397 3783 ι’)
419 3734 460 3801 C.)
536 3733 567 3785 13
588 3731 654 3786 Gen.
675 3734 717 3794 ¹25,
737 3732 771 3784 32
853 3734 884 3785 14
904 3732 982 3784 l'lrilo
1003 3731 1035 3784 de
1056 3749 1121 3784 saer.
1141 3735 1159 3784 4
1178 3732 1251 3795 <ltu

105 3823 155 3875 41:
177 3821 187 3873 l
209 3822 268 3882 208,
289 3822 303 3873 7
327 3821 368 3890 C.)
422 3821 456 3874 ¹23
474 3821 572 3875 llattlr.
594 3823 635 3882 ll,
658 3823 690 3874 la
745 3822 779 3873 ‘lb
798 3822 895 3874 llutth.
916 3824 942 3886 6,
962 3823 996 3873 33

143 4008 159 4057 9
179 4023 233 4075 qua
253 4006 278 4059 P
294 4012 322 4075 ia
340 4024 372 4059 er
392 4009 417 4058 a*
465 4008 498 4060 10
517 4012 559 4059 est
582 4023 632 4061 ona
652 4006 750 4059 JIAA‘
770 4007 892 4059 testium
908 4006 931 4060 S
944 4010 1024 4067 (erue.
1041 4013 1054 4059 e
1070 4007 1107 4069 iu)
1164 4006 1252 4059 tidelis

106 4106 150 4148 est
169 4094 191 4148 S
207 4102 260 4147 test
278 4112 299 4147 s.
320 4094 358 4161 ιι.)
375 4094 473 4148 ,ΠΜ
601 4096 635 4148 26
662 4112 750 4163 neque
769 4096 919 4147 otiantibus
938 4095 965 4147 B
983 4112 1036 4147 ιιιιιι
1056 4095 1205 4147 otiantibus
1230 4095 1255 4147 V

107 4185 141 4238 27
171 4184 300 4237 lurconum
328 4183 502 4251 siquitienui:
528 4185 593 4251 fort.
617 4183 791 4238 scribendum
812 4200 880 4235 -uou
909 4184 1048 4245 inertiae„
1078 4182 1195 4247 sed,..;
1225 4191 1254 4237 et

106 4273 193 4327 latiori
213 4291 230 4323 α
