2836 4822
164 1038 202 1091 Er
221 1039 370 1106 plantonit
394 1038 459 1091 deos
477 1038 646 1106 paradisum
664 1041 695 1090 in·
714 1037 799 1091 Edem
818 1039 968 1092 secundnm
986 1040 1116 1091 orientem
1135 1043 1160 1091 et
1177 1037 1372 1105 poenit145A

130 1126 168 1179 roi
186 1127 329 1190 nerninem,
348 1144 426 1195 quem
444 1128 550 1193 fincxit.

12 1216 77 1297 l‚l
173 1217 220 1280 De
243 1216 389 1299 paradiso
415 1216 602 1282 adoriendus
623 1236 725 1282 sermo
746 1237 806 1281 non
828 1217 1019 1283 mediocrem
1039 1221 1162 1282 aestum
1182 1216 1272 1280 nolus
1300 1223 1323 1277 B

129 1323 256 1387 uidetur
288 1323 430 1387 incutere
465 1323 631 1404 quidnam·
649 1324 692 1388 sit
719 1324 884 1406 paradisus
915 1328 946 1388 et
974 1325 1029 1388 ubi
1058 1324 1102 1387 sit
1129 1324 1273 1406 qualisue

97 1430 172 1493 rsit
203 1429 398 1513 inuestigare
432 1433 464 1493 et
498 1430 653 1512 explicare
681 1430 899 1511 oupientibus
934 1431 1067 1494 maxime
1101 1450 1173 1494 oum
1202 1450 1274 1513 apo-

131 1538 234 1601 stolus
264 1537 333 1601 siue
362 1536 393 1599 in
425 1555 555 1619 corpore
584 1537 653 1600 siue
682 1544 768 1602 extra
795 1557 910 1619 eorpus
934 1538 1066 1614 neseiat,
1089 1543 1215 1618 raptum
1241 1556 1275 1600 se

131 1646 236 1707 tamen
260 1643 472 1724 ditatusque
496 1641 535 1706 ad
559 1643 690 1707 tertium
716 1645 849 1708 caelum.
875 1649 907 1708 et
929 1662 1039 1707 rursus
1065 1644 1149 1708 scio
1173 1643 1276 1724 inquit

132 1749 333 1814 eiusmodi
371 1750 587 1828 hominem,
626 1751 714 1815 siue
752 1751 789 1814 in
829 1769 997 1832 corpore
1036 1750 1124 1814 siue
1163 1754 1275 1813 extra

132 1876 280 1937 eorpus
311 1857 468 1932 neseio,
498 1855 597 1920 deu-s
626 1857 723 1934 soit,
754 1857 941 1939 quoniam
970 1861 1111 1938 raptus
1141 1861 1203 1920 est
1236 1857 1273 1919 in

87 1990 112 2027 ιο
131 1964 367 2046 paradisum
392 1968 430 2027 et
454 1963 619 2027 audiuit
642 1964 766 2028 uerba
789 1964 1046 2038 ineffabilia,
1072 1983 1172 2046 quae
1200 1982 1274 2026 non

132 2070 232 2133 lIcet
260 2070 412 2134 homini
441 2071 566 2153 loqui.
591 2090 659 2151 pro
685 2070 923 2134 huiusmodi
948 2070 1178 2154 gloriabor,
1203 2089 1271 2151 pro

131 2196 186 2240 me
225 2180 357 2241 autem
397 2198 471 2242 non
510 2178 722 2261 gloriabor
759 2178 840 2242 nisi
877 2179 914 2242 in
947 2177 1322 2242 infirmitatibuso

130 2284 239 2348 meis.
275 2284 309 2348 si
343 2285 446 2348 eninr
479 2285 649 2349 uoluero
679 2285 868 2369 gloriari,
898 2304 970 2348 non
1001 2303 1065 2348 ero
1095 2285 1272 2355 stultum

129 2409 214 2453 nam
247 2391 471 2454 uerItatem
505 2391 607 2455 dioo.
641 2411 713 2475 ergo
749 2393 776 2455 si
804 2391 991 2455 huiusmodi
1018 2390 1185 2473 paradisus
1213 2396 1273 2469 est,

85 2513 110 2552 1⁵
129 2502 166 2560 ut
193 2515 266 2559 eum
295 2497 383 2561 solus
412 2497 533 2561 Paulus
563 2502 620 2561 aut
647 2498 699 2560 uix
728 2497 844 2580 aliquis
873 2498 966 2561 Pauli
995 2498 1121 2574 similis,
1145 2516 1217 2561 oum
1240 2497 1272 2560 in

130 2603 198 2666 uita
231 2602 370 2686 degeret,
404 2602 512 2667 uidere
545 2604 696 2686 potuerit,
729 2604 813 2667 idem
841 2607 957 2681 tamen,
987 2603 1057 2667 siue
1084 2604 1115 2666 iu
1144 2622 1272 2685 corpore

130 2708 199 2773 siue
214 2713 299 2773 extra
314 2728 428 2790 eorpus
448 2709 574 2786 uiderit,
596 2711 779 2774 meminisse
799 2728 859 2774 uon
877 2710 991 2792 possit,
1011 2709 1147 2773 audierit
1166 2714 1272 2774 tamen

129 2815 234 2893 uerba,
277 2815 393 2896 quibus
430 2816 609 2897 prohibitus
648 2816 691 2880 su
727 2817 859 2900 uulgare
898 2816 982 2898 quod
1020 2816 1171 2894 audierat,
1210 2837 1271 2898 quo

219 3078 231 3129 l
253 3075 321 3130 Cen.
341 3077 365 3139 2,
386 3076 402 3130 8
457 3076 519 3130 511
539 3075 598 3130 Cor.
621 3075 697 3137 122
752 3075 768 3128 7
788 3075 815 3129 ΙΙ
835 3075 894 3131 Cor.
916 3075 957 3136 12,
977 3077 1047 3130 3-6

162 3239 266 3307 INCIP
277 3253 324 3306 DE
339 3251 518 3306 PARADISO
539 3258 570 3317 (e.
585 3269 612 3306 u.
629 3252 694 3305 odd.
709 3256 757 3305 m2
776 3258 803 3306 et
818 3253 896 3306 adam
911 3257 939 3307 et
954 3259 1014 3311 ena)
1030 3255 1057 3308 A
1072 3253 1209 3308 INCIPIT
1223 3254 1271 3308 DE

125 3340 317 3396 Pannor'so
331 3342 359 3394 P
376 3340 513 3396 INCIPIT
534 3341 666 3410 (DONNI
685 3341 860 3396 AMBROSII
880 3343 945 3396 odd.
960 3343 996 3406 R,
1006 3330 1081 3397 'DN-I
1096 3343 1270 3397 AIIBROSII

131 3429 172 3491 V‘,
186 3429 349 3485 EIUSDEM
362 3430 512 3496 Mamm
530 3430 580 3483 DE
599 3429 781 3486 PARADISO
795 3431 965 3486 RMCP'V¹
984 3439 1009 3487 et
1024 3432 1089 3486 add.
1106 3420 1166 3486 [ΓΒ
1178 3433 1199 3485 Ι,
1216 3432 1274 3487 ps

125 3520 173 3572 DE
193 3518 373 3573 PARADISO
392 3507 454 3573 LIE
471 3519 647 3575 russuosu
659 3506 725 3575 Effi
743 3519 935 3574 FELICITER
957 3519 1094 3576 INCIPIT
1119 3521 1145 3573 V
1164 3522 1270 3575 LIBER

126 3608 288 3662 EIUSDEM
306 3607 355 3662 DE
373 3608 555 3663 Pauaolso
576 3609 602 3662 B
620 3608 789 3663 AIIBROSI'
809 3609 857 3663 DE
876 3609 1057 3664 Pnurfflso
1080 3611 1110 3664 C‘
1134 3609 1270 3665 INCIPIT

125 3684 260 3752 truso]
274 3696 448 3751 runnosn
468 3697 516 3751 nu
535 3698 734 3754 remorso.
754 3699 857 3751 roan
872 3698 916 3751 nr
930 3698 1003 3752 aur
1018 3699 1048 3752 n
1104 3701 1115 3752 1
1137 3699 1174 3752 ut
1193 3701 1269 3770 pnn-

125 3787 352 3841 tauit...finc1it
371 3802 421 3839 om.
447 3786 500 3839 VD
590 3785 684 3840 eedem
703 3787 739 3840 ur
757 3792 836 3851 (corr.
858 3786 953 3846 aeden)
971 3787 1007 3839 P'
1026 3787 1092 3857 edon
1112 3789 1138 3839 A
1159 3793 1184 3857 (ς
1204 3805 1269 3841 exe

125 3878 181 3940 m2)
198 3874 221 3929 S
237 3874 321 3928 aeden
337 3875 365 3930 R
381 3873 448 3929 eden
463 3881 510 3929 cet.
583 3875 743 3945 paradysum
757 3877 818 3929 ΑΡ*
835 3881 947 3943 (senrprr
960 3877 1023 3942 fere
1035 3877 1178 3944 fluctuant
1194 3877 1268 3940 libra)

161 3967 189 4015 et
208 3964 314 4032 posuit.
328 3965 454 4017 ..fincxit
472 3981 523 4017 orn.
546 3965 569 4015 (I
640 3981 719 4033 quem
739 3964 832 4017 fincxit
846 3981 896 4016 om.
912 3964 970 4016 PC‘
1043 3965 1095 4018 Iino
1108 4008 1113 4019 .
1126 4005 1131 4016 .
1144 4009 1149 4020 .
1164 3967 1190 4018 A
1205 3971 1271 4028 (tres

126 4052 234 4106 litterae
252 4053 401 4109 cremendam
422 4053 466 4105 fin«
474 4053 512 4106 xit
530 4053 566 4106 M
584 4053 661 4105 finxit
679 4059 726 4107 eet.
782 4055 798 4106 3
818 4053 896 4106 nobis
915 4057 1019 4105 aestum
1039 4053 1073 4104 Μ
1127 4055 1143 4105 5
1163 4053 1200 4105 rit
1217 4070 1268 4106 om.

127 4141 219 4193 (ΜΨ
292 4141 433 4210 explanare
452 4141 485 4194 N
536 4145 552 4195 6
573 4146 601 4194 et
618 4147 724 4210 raptum
739 4143 765 4194 A
786 4145 825 4205 (et
843 4147 922 4193 estro
942 4158 968 4194 u.
984 4144 1040 4206 m2)
1056 4141 1086 4194 D
1140 4144 1156 4194 8
1176 4141 1268 4194 huius·

125 4229 198 4283 modi
217 4230 250 4283 N
303 4231 335 4283 12
355 4231 382 4283 in
403 4248 453 4285 om.
472 4230 539 4283 Pu
