2836 4822
287 331 329 385 De
349 331 415 387 Cain
436 337 464 386 ct
483 333 582 387 libell
603 335 643 399 10,
658 336 701 389 43.
721 337 756 389 44
794 336 816 402 (l
838 336 889 390 202
908 336 1019 392 8-203
1038 337 1081 403 Β).
1192 341 1257 404 375

112 529 322 594 adsciscimus
355 534 550 596 sacramento
584 535 616 594 et
647 532 718 596 ideo
746 531 899 612 iuramus,
927 536 965 596 ut
992 533 1155 596 credamur
1182 554 1259 597 uera

112 637 240 701 dixisse.
272 637 349 702 deus
380 641 486 702 autern
511 641 543 702 et
567 657 639 703 curn
662 638 805 721 loquitur
828 638 930 703 fidelis
955 644 1013 713 est,
1038 641 1129 704 cuius
1154 660 1258 705 sermo

113 748 347 808 sacramentum
371 749 434 822 est3
459 766 519 810 non
544 746 626 809 enim
646 749 774 828 propter
793 749 1024 810 sacramentum
1045 746 1148 810 fidelis
1168 747 1260 824 deus,

112 851 168 914 sed
198 852 328 933 propter
355 850 448 915 deum
473 853 569 915 etiam
595 856 826 917 sacramentum
850 853 944 917 fidele
968 857 1027 916 est.
1052 874 1114 936 qua
1136 855 1259 919 ratione

79 958 210 1041 sigitur
233 958 361 1043 Moyses
386 959 540 1022 iurantem
567 957 661 1023 deum
685 958 828 1023 inducit?
857 961 931 1042 quia
954 979 1010 1024 nos
1035 980 1096 1024 usu
1121 961 1258 1043 quodam

113 1065 294 1129 mortalium
332 1065 510 1129 claudimur
547 1070 579 1129 ct
615 1067 706 1130 uelut
742 1066 844 1130 echini
881 1067 998 1131 cortice
1032 1068 1166 1148 quodam
1200 1087 1258 1133 nos

112 1172 255 1255 uulgaris
290 1171 445 1252 opinionis
478 1172 675 1236 inuolnimns
708 1176 764 1236 aut
796 1175 888 1237 uelut
920 1173 1054 1250 cocleae,
1089 1193 1168 1255 qnae
1197 1174 1302 1237 nisiD

112 1280 192 1342 intra
219 1282 321 1342 testae
351 1279 579 1360 operimentum
605 1280 669 1342 sint
692 1280 810 1362 spirare
834 1300 894 1345 non
918 1284 1053 1363 possunt
1076 1298 1132 1344 nec
1156 1299 1256 1344 acrem

112 1386 246 1449 liberum
262 1404 388 1466 carpere
404 1389 459 1448 ant
474 1386 639 1463 sustinere,
655 1386 701 1451 sic
717 1405 773 1451 nos
792 1395 902 1460 <non>
923 1386 984 1451 nisi
1002 1387 1085 1450 intra
1104 1387 1258 1469 quaedam

63 1512 92 1549 ιο
111 1492 267 1556 humanae
296 1492 535 1556 consuetudinis
563 1493 699 1557 latibula
723 1496 848 1558 terrena
875 1513 1049 1558 uersamm.
1078 1494 1160 1558 unde
1185 1494 1258 1575 quia

112 1599 192 1661 illud
220 1598 328 1662 uerius
357 1599 497 1663 solemus
527 1598 651 1662 credere
680 1598 763 1680 quod
791 1599 858 1664 inre
886 1598 1018 1663 iurando
1042 1599 1195 1676 firmatur,
1220 1619 1260 1663 nc

112 1710 219 1770 nostra
251 1705 410 1770 claudicet
442 1705 531 1783 fides,
570 1706 672 1770 iurare
706 1706 855 1770 scribitur
888 1706 976 1785 deus,
1010 1707 1064 1788 qui
1096 1707 1164 1789 ipse
1197 1727 1257 1771 non

111 1813 204 1888 iurat,
229 1811 285 1876 sed
308 1813 481 1876 iurantium
505 1813 599 1876 iudex
623 1815 654 1876 et
678 1814 764 1877 ultor
787 1818 836 1877 est
863 1813 1097 1896 perierantium.
1123 1812 1259 1895 deniqne

112 1920 268 2000 scriptum
296 1923 359 1984 est:
390 1920 536 1983 iurauit
564 1919 747 1996 dominus,
772 1925 808 1983 et
830 1939 900 1984 non
923 1919 1136 2001 paenitebit
1160 1939 1257 1993 eum:

68 2048 93 2085 ιε
112 2030 152 2089 tu
178 2045 215 2089 es
241 2026 417 2090 sacerdos
442 2026 477 2088 in
503 2030 703 2091 aeternum.
728 2027 871 2090 seruauit
894 2027 1005 2107 ntique
1025 2027 1110 2108 quod
1128 2027 1304 2103 iurauitll

113 2132 201 2195 dedit
232 2131 323 2197 nobis
357 2134 520 2195 aeternum
548 2131 721 2213 principem
751 2132 962 2210 sacerdotnm,
990 2135 1028 2197 ut
1055 2134 1087 2196 et
1114 2136 1149 2196 tu
1174 2133 1258 2216 quod

112 2240 266 2304 iuraueris
291 2240 336 2302 ita
359 2238 486 2302 noueris
512 2257 582 2302 esse
607 2239 809 2317 seruandum,
842 2243 878 2303 ut
901 2240 975 2321 quia
998 2260 1053 2323 per
1076 2259 1148 2304 curn
1171 2240 1260 2304 iuras

34 2339 65 2399 :l
113 2347 166 2428 qui
191 2365 249 2411 non
274 2345 426 2409 mentitur
449 2345 531 2409 scias
555 2345 699 2409 futurum
724 2346 751 2409 si
770 2344 933 2410 mentiaris
952 2346 1098 2411 ultorem.
1118 2346 1259 2430 expulsis

112 2453 211 2537 igitur
241 2453 393 2535 inquietis
428 2453 460 2515 et
491 2451 664 2516 mobilibus
698 2451 947 2535 cogitationibus
976 2452 1064 2516 dabit
1090 2452 1150 2517 tibi
1179 2453 1258 2517 deus

66 2583 94 2622 no
112 2579 247 2624 uacuam
272 2558 507 2643 possessionem
531 2557 634 2623 cordis
659 2560 691 2622 et
714 2559 840 2636 mentis,
864 2561 902 2621 ut
924 2578 991 2622 eam
1013 2560 1102 2622 cultu
1121 2560 1257 2641 quodam

112 2665 354 2748 tranquillitatis
379 2683 523 2729 exerceas
548 2669 579 2729 et
602 2666 741 2729 fructum
767 2685 802 2729 ex
827 2685 863 2730 ea
886 2666 992 2748 capias
1017 2686 1073 2731 nec
1098 2667 1257 2730 sustineas

112 2772 143 2835 in
162 2791 230 2835 eam
251 2772 465 2848 chananaeos
485 2772 545 2835 boc
564 2774 614 2834 est
633 2771 777 2836 turbidos
796 2791 909 2836 sensus
927 2791 1096 2850 recurrere,
1117 2771 1257 2837 eradices
1279 2774 1304 2827 Ι·’

112 2878 313 2962 gentilicium
336 2878 488 2943 uitiomm
518 2896 608 2941 omne
637 2882 851 2961 ccrrsaeptnm,
879 2879 970 2942 lucos
1000 2898 1108 2944 eorum
1141 2879 1257 2944 diruas.

113 2984 229 3068 quibus
263 2984 469 3049 obumbratur
500 2985 618 3048 ueritas
652 2987 684 3047 et
716 2984 843 3066 quidam
875 2985 956 3048 liber
987 2985 1134 3050 caelestis
1167 2985 1259 3049 uisus

65 3116 93 3156 m
112 3091 303 3174 cognitionis
327 3091 453 3155 horrore
476 3091 661 3155 tenebrosae
686 3091 924 3173 disceptationis
948 3091 1161 3156 absconditur.

200 3319 217 3371 2
236 3318 316 3371 Philo
336 3318 368 3371 de
388 3334 453 3372 sacr.
474 3317 509 3371 28
529 3319 601 3384 (181,
621 3318 669 3380 35;
689 3317 702 3370 Ι
721 3317 781 3380 240,
803 3319 835 3371 14
857 3317 899 3382 0.)
950 3316 1065 3370 3Plrllo
1085 3316 1118 3371 de
1136 3333 1202 3370 sacr.
1222 3318 1258 3370 28

112 3406 185 3471 (181,
205 3408 252 3471 39;
272 3407 364 3470 1241,
384 3408 400 3461 3
423 3407 463 3472 C.)
577 3409 594 3460 4
613 3407 692 3460 Pbilo
712 3405 745 3459 de
764 3422 830 3461 sacr.
850 3406 884 3458 29
903 3406 976 3475 (181,
995 3405 1042 3468 40;
1063 3405 1076 3458 l
1096 3406 1157 3466 241,
1176 3407 1193 3459 4
1214 3404 1256 3470 C.)

114 3496 146 3548 14
165 3494 263 3548 Psalm.
284 3494 422 3550 CVlllll
480 3497 512 3550 16
531 3495 613 3549 Hebr.
633 3498 657 3558 5,
678 3497 706 3559 6;
728 3496 752 3558 7,
773 3497 805 3548 17

147 3617 271 3672 3fidelis
290 3619 460 3689 omnipotens
480 3618 511 3672 ds
530 3622 572 3672 est
590 3619 617 3672 Β
666 3621 681 3671 4
703 3620 784 3672 etiam
804 3634 855 3672 om.
880 3617 906 3670 V
976 3617 1063 3672 fidelis
1085 3620 1113 3670 M
1166 3616 1257 3670 dunl-

112 3707 222 3776 garibus
241 3707 332 3760 P¹ma
351 3707 508 3775 uulgaribus
527 3706 621 3776 populi
642 3707 667 3756 V
755 3704 927 3776 opinionibus
947 3705 1036 3758 Pma
1053 3703 1128 3759 M‘V
1215 3704 1256 3756 in·

112 3797 247 3850 uolnimnr
266 3796 331 3850 MV
427 3797 444 3849 9
464 3813 571 3864 carpere
590 3796 633 3848 Μ’
658 3800 682 3860 (r
700 3813 743 3864 pr.
763 3812 784 3849 a.
803 3799 843 3862 u.)
868 3812 963 3865 capere
987 3794 1013 3847 V
1100 3796 1158 3864 ant]
1179 3811 1210 3847 ae
1232 3793 1256 3844 Β

147 3895 200 3938 non
225 3885 290 3938 add.
317 3886 455 3939 Coslcrius
564 3884 597 3937 10
620 3901 759 3947 uersamur
776 3884 811 3937 P‘
838 3889 863 3948 (e
886 3900 906 3938 s.
933 3901 948 3947 a
972 3888 1024 3948 ml)
1049 3899 1186 3937 uersentur
1209 3889 1256 3936 cet.

114 3975 146 4027 12
171 3975 228 4045 ipse
253 3976 299 4043 qni
325 3975 355 4026 lli
380 3974 445 4042 qnia
467 3975 524 4043 ipse
550 3975 612 4026 A‘ll
705 3973 737 4026 13
760 3974 952 4042 perierantinm
979 3979 1000 4025 A
1026 3972 1216 4042 pedetentimn
1237 3972 1259 4024 8

111 4063 292 4132 peierantinm
311 4062 412 4115 M‘PV
427 4062 609 4132 peiurantinm
628 4063 655 4115 B
674 4062 869 4131 perimentium
889 4068 935 4116 cet.
973 4062 1008 4116 22
1028 4078 1059 4114 ca
1083 4061 1109 4112 V
1141 4063 1176 4114 23
1191 4078 1257 4130 gon·

111 4151 227 4206 tilleium
241 4151 299 4204 SM
312 4151 482 4220 gentiliuum
503 4151 528 4203 l'
541 4151 683 4221 gentilium
700 4157 747 4204 cet.
803 4156 960 4221 conceptum
976 4150 1012 4203 M
1030 4150 1217 4219 consepultum
1232 4149 1259 4201 Β

113 4241 146 4294 25
166 4239 342 4309 cogitationis
361 4240 419 4292 BV
