2836 4822
308 349 349 402 De
370 347 437 402 Cain
458 352 485 401 et
503 346 572 403 Abel
592 347 618 402 II
637 350 663 416 9,
682 348 716 403 38
754 350 779 410 (Ι
798 351 850 405 223
869 352 981 405 A—Ess’d
1001 351 1043 418 B).
1167 357 1234 421 409

85 542 115 606 in
140 544 277 608 Lamech
307 544 490 629 septuagies
520 544 638 627 septies
667 544 858 624 nieditatur,
888 547 961 628 quia
990 549 1116 631 grauior
1139 550 1234 631 eulpa

85 649 154 713 eius
180 651 307 732 estqui
331 669 387 715 nee
411 656 485 733 pest
507 650 741 716 damnationem
766 671 799 716 se
824 653 957 717 correxit
981 655 1122 719 alterius.
1158 655 1232 721 Cain

84 757 206 837 impetu
241 757 377 840 quedam
409 757 576 840 inprouida
610 762 682 823 ante
716 764 912 841 peceanerat,
950 761 1086 826 Lamech
1124 763 1233 845 utique

86 863 170 948 qued
200 863 230 926 in
260 863 357 927 altere
386 863 614 945 reprehensum
643 863 822 927 aduerterat
850 883 961 929 cauere
986 865 1148 930 debuerat.
1173 873 1279 932 suoB

51 991 65 1028 ⁵
86 971 242 1036 sententia
265 969 364 1033 iudici
389 969 573 1046 debebatur,
598 990 636 1035 ne
662 970 733 1052 quis
756 971 875 1053 passim
901 991 986 1035 reum
1012 975 1140 1053 putaret
1163 992 1233 1037 esse

86 1076 272 1141 feriendum.
298 1080 329 1140 et
355 1081 391 1140 ut
414 1076 453 1140 ad
476 1077 666 1160 mysterium
689 1077 810 1154 uenias,
835 1096 895 1141 nen
921 1076 1031 1142 debuit
1053 1079 1234 1143 interimere

87 1204 159 1248 eum
185 1185 238 1266 qui
263 1202 364 1264 usque
388 1184 428 1247 ad
451 1184 628 1248 naturalem
651 1183 823 1248 terminum
852 1184 964 1249 mertis
994 1204 1070 1249 suae
1095 1186 1233 1269 agendae

87 1291 224 1354 habebat
253 1290 391 1372 spatium
421 1290 643 1372 paenitentiae.
673 1309 820 1355 excusare
847 1296 958 1372 posset
982 1291 1066 1373 qued
1091 1311 1124 1355 se
1148 1291 1234 1356 rede·

87 1384 200 1461 mieset
231 1396 284 1459 uel
317 1415 387 1461 sera
422 1397 545 1461 actione
577 1396 801 1478 paenitentiae,
835 1398 896 1462 nisi
929 1417 1001 1461 eum
1034 1401 1235 1481 praematura

39 1526 65 1562 ιο
86 1522 185 1585 paena
208 1502 377 1583 rapuisset.
756 1521 759 1527 ’

179 1696 189 1746 1
212 1692 277 1747 Gen.
297 1696 322 1756 4,
342 1695 377 1748 24
396 1693 475 1747 Philo
495 1694 606 1760 Quaest.
624 1694 638 1747 1
653 1695 686 1748 77

123 1835 139 1887 3
159 1837 312 1905 peccauerit
330 1836 353 1890 S
371 1839 452 1900 (corr.
472 1839 529 1902 m3)
548 1836 585 1889 Μ
656 1838 671 1889 5
691 1851 749 1889 esse
769 1834 919 1889 feriendum
939 1839 1049 1906 putaret
1066 1836 1093 1888 B
1167 1836 1182 1886 7
1202 1836 1233 1888 ia

87 1924 169 1977 uerbo
188 1924 339 1978 naturalem
360 1924 459 1979 desinit
476 1925 514 1978 M
529 1925 569 1996 (in
588 1926 610 1992 s.
631 1927 724 1991 180⁰);
744 1924 846 1979 excidit
864 1925 964 1992 folium
1038 1926 1071 1977 10
1089 1924 1231 1993 rapuisset.

88 2030 175 2066 amen.
198 2012 367 2068 EXPLICIT
390 2014 438 2067 DE
458 2013 545 2069 CAIN
563 2014 608 2067 ET
627 2013 720 2068 ABEL
738 2013 848 2068 LIBER
867 2012 1057 2068 SECUNDUS
1081 2014 1129 2066 SA
1153 2019 1178 2066 et
1196 2013 1233 2063 A‘

87 2103 147 2171 (qui
170 2101 234 2155 add.
252 2102 362 2157 Bnnrl
380 2102 556 2157 nnssnosll
577 2101 769 2157 FELICITER
790 2102 865 2156 Ι)Εο
890 2086 990 2156 (iliis.
1014 2101 1130 2168 AMHN)
1156 2107 1180 2154 et
1198 2101 1232 2153 F

88 2192 147 2259 (qui
161 2207 210 2244 ona.
227 2190 334 2244 LIBER
348 2190 548 2257 SECUNDUS)
562 2191 703 2260 rapuisset.
723 2207 809 2245 amen.
828 2188 1005 2245 nussuesn
1024 2178 1085 2245 ΕΠ
1101 2190 1232 2244 MEDIO-

87 2280 264 2335 LANENSIS
283 2281 331 2334 DE
352 2281 438 2336 CAIN
456 2280 503 2334 ΕΤ
522 2280 615 2334 ABEL
633 2279 742 2334 LIBER
760 2278 948 2335 SECUNDUS
967 2278 1159 2335 FELICITER
1173 2279 1232 2332 EX·

87 2368 214 2425 PLICIT.
234 2368 326 2423 Laus
345 2368 418 2423 DEO
437 2369 479 2422 Μ’
498 2367 664 2423 EXPLICIT
683 2369 717 2424 P.
736 2369 767 2422 in
784 2370 811 2423 B
829 2385 887 2424 noar
905 2374 944 2422 eat
961 2369 1126 2438 subscriptio
