2836 4822
155 365 217 427 15,ss
625 361 824 414 Ambrosii

153 561 286 639 quentes
314 561 423 621 sancta
451 557 598 640 coniugia
625 557 747 621 lubrica
770 561 802 621 et
825 557 968 621 nocitura
993 557 1183 622 salutaribus
1207 577 1295 639 prae-

152 665 302 735 feramus,
328 663 412 745 quod
435 664 513 728 facit
536 665 590 745 qui
614 683 686 727 cum
712 664 850 746 serpenti
874 665 1036 730 miscetur.

60 767 147 848 8,21
196 771 237 836 Et
271 771 346 852 quia
383 769 420 833 de
459 771 577 834 astutia
615 770 778 852 coepimus
817 790 992 836 sermonem
1026 772 1200 845 subtexere,
1235 791 1297 854 qua
1357 790 1412 845 ιιι

153 878 372 960 unusquisque
400 877 528 941 fratrem
559 896 652 941 suurn
682 877 911 941 circumuenire
945 884 977 940 et
1010 877 1151 959 decipere
1185 877 1298 941 nititur

153 990 184 1048 et
212 985 242 1047 in
272 1003 372 1048 nouas
401 1004 435 1048 se
464 983 588 1048 fraudes
614 1003 810 1065 componere,
836 988 874 1050 ut
897 1003 989 1067 quem
1014 985 1046 1048 ui
1071 984 1212 1067 optinere
1235 1003 1296 1047 non
1329 1009 1341 1047 ι

152 1093 259 1173 potest
282 1091 525 1154 circumscribat
548 1090 620 1154 dolo
644 1094 677 1154 et
699 1092 772 1156 suco
797 1091 933 1172 quodam
953 1092 1028 1154 artis
1049 1091 1196 1169 obducat,
1215 1090 1297 1155 frau—
1359 1103 1380 1157 B

153 1197 318 1260 dalentum
350 1197 431 1261 illud
463 1198 571 1278 polypi
599 1197 761 1282 ingenium
791 1217 851 1262 non
881 1198 1066 1279 praeteribo,
1097 1198 1151 1280 qui
1180 1198 1298 1262 uadoso

151 1304 183 1367 in
221 1305 313 1369 litore
350 1308 471 1385 petram
504 1308 636 1368 nanctus
671 1304 821 1387 adfigitur
854 1304 881 1367 ei
915 1309 1009 1386 atque
1042 1305 1112 1368 eius
1145 1304 1298 1368 nebuloso

151 1412 278 1496 ingenio
309 1414 447 1477 colorem
476 1412 565 1476 subit
592 1420 624 1477 et
653 1413 750 1476 simili
781 1414 885 1494 specie
909 1417 998 1498 terga
1022 1413 1178 1477 obductus
1202 1412 1300 1495 pluri-

154 1538 222 1584 mos
246 1519 382 1601 piscium
409 1520 475 1583 sine
499 1520 565 1584 ulla
590 1521 771 1603 suspicione
795 1520 915 1584 incudis
940 1520 1098 1602 adlapsos,
1123 1519 1199 1583 dum
1226 1523 1301 1583 nota
1319 1545 1343 1582 ro

153 1645 213 1690 non
247 1630 438 1707 praecauent
471 1630 502 1690 et
535 1646 643 1690 sarum
679 1628 855 1709 opinantur,
885 1627 1029 1691 cassibus
1058 1627 1194 1690 furtiuac
1223 1626 1299 1690 artis

154 1733 290 1797 includit
315 1738 346 1797 et
371 1734 441 1797 sinu
467 1733 604 1815 quodam
629 1753 704 1797 suae
729 1734 830 1798 carnis
854 1735 1025 1817 intercipit.
1052 1734 1098 1798 sic
1127 1737 1301 1816 spontanea

153 1840 243 1904 uenit
265 1839 381 1920 praeda
405 1842 436 1902 et
458 1839 577 1902 talibus
602 1839 725 1922 capitur
748 1840 955 1923 argumentis
975 1841 1081 1923 qualia
1100 1845 1175 1904 sunt
1194 1858 1301 1903 eorum
1360 1850 1378 1905 C

153 1947 209 2027 qui
241 1946 402 2028 ingenium
439 1966 531 2010 sunm
566 1966 659 2029 saepe
693 1952 888 2011 commutant
920 1950 952 2010 et
988 1946 1131 2010 diuersas
1168 1945 1301 2011 nocendi

155 2057 238 2116 artes
269 2058 408 2117 mouent.
437 2056 474 2116 ut
503 2054 702 2136 singulorum
726 2059 848 2118 mentes
874 2073 1051 2136 sensusque
1075 2056 1301 2138 pertemptent
1321 2076 1344 2114 rs

155 2177 228 2223 eum
258 2160 493 2224 continentibus
522 2160 617 2241 positi
647 2160 872 2224 continentiam
900 2160 1129 2242 praedicantes,
1154 2159 1184 2222 in
1211 2163 1303 2223 coetu

156 2265 433 2347 intemperantium
458 2272 620 2348 tamquam
646 2268 731 2331 deuii
756 2267 793 2330 ab
815 2268 920 2333 studio
940 2267 1098 2331 castitatis
1119 2270 1151 2331 et
1169 2266 1303 2330 demersi

157 2372 415 2453 intemperantiae
452 2373 640 2449 uolutabris,
678 2378 714 2439 ut
751 2375 805 2457 qui
843 2392 896 2438 eos
935 2374 1068 2438 audiunt
1107 2375 1162 2436 aut
1193 2372 1304 2436 uident

156 2479 286 2542 incauta
322 2479 475 2543 facilitate
514 2500 547 2544 se
586 2481 712 2544 credant
754 2501 852 2562 eoque
894 2481 988 2545 citius
1030 2480 1186 2557 labantur,
1228 2478 1304 2543 dum

157 2584 314 2649 declinare
345 2605 406 2649 non
440 2591 554 2651 norunt
586 2606 643 2651 nec
672 2608 782 2652 currere
812 2588 895 2670 quod
925 2592 1046 2663 noceat,
1076 2606 1149 2650 cum
1178 2586 1344 2670 grauiora

156 2692 201 2756 sit
224 2697 257 2755 et
279 2694 381 2777 magis
401 2694 491 2757 noxia
510 2695 685 2776 inprobitas
704 2695 912 2777 benignitatis
932 2695 1119 2758 obumbrata
1135 2692 1302 2756 uelamine.
1360 2698 1380 2752 D

156 2802 190 2862 et
212 2798 283 2863 ideo
309 2800 440 2863 cauendi
466 2806 540 2865 suut
564 2803 617 2883 qui
642 2802 743 2866 crines
768 2821 844 2865 suae
868 2801 989 2865 fraudis
1015 2804 1046 2865 et
1064 2801 1192 2864 brachia
1210 2800 1303 2881 longe

156 2906 284 2988 lateque
323 2907 509 2990 dispergunt
545 2910 597 2971 uel
636 2909 774 2990 speciem
807 2907 944 2972 induunt
975 2907 1215 2971 multiformem.
1249 2905 1304 2969 isti

157 3013 240 3076 enirn
270 3013 379 3096 polypi
408 3020 482 3078 suut
511 3035 607 3077 nexus
635 3016 789 3097 plurimos
819 3015 969 3078 habentes
995 3018 1026 3077 et
1050 3013 1236 3077 callidorum
1260 3012 1304 3075 in-

157 3119 321 3201 geniorum
340 3121 488 3203 uestigia,
510 3120 624 3202 quibus
645 3121 770 3183 inretire
790 3120 915 3202 possint
934 3119 1087 3201 quidquid
1106 3119 1137 3181 in
1153 3118 1303 3200 scopulos
1321 3147 1343 3186 ιι

90 3239 131 3301 22
158 3247 233 3291 suae
253 3227 371 3291 fraudis
390 3227 547 3291 inciderit.
564 3247 674 3291 cancer
688 3246 813 3308 quoque
829 3247 906 3310 quas
923 3227 985 3290 cibi
1001 3225 1102 3310 gratia
1116 3224 1302 3307 praestigias

248 3437 263 3487 7
289 3435 351 3488 Bas.
381 3435 430 3488 153
458 3434 477 3488 C
511 3435 556 3491 (aa
583 3435 650 3498 DE),
677 3435 710 3487 es.
736 3435 819 3487 Arist.
844 3434 878 3486 H.
905 3434 935 3489 ,1.
962 3432 1044 3486 l'lIII
1069 3434 1102 3486 37
1132 3434 1195 3499 (622
1223 3449 1247 3494 a,
1275 3431 1301 3496 8)

158 3527 192 3579 26
214 3525 273 3576 Bas.
296 3526 345 3578 153
365 3525 411 3576 ΑΒ
434 3522 554 3587 (65130)

196 3653 208 3703 1
230 3648 393 3701 salutaribus
416 3650 438 3700 t*
459 3651 481 3705 lt
504 3649 533 3700 in
559 3662 625 3704 νιιιι.)
718 3648 733 3698 2
754 3647 872 3715 serpenti
893 3644 916 3696 Π
942 3651 993 3698 l-te
1012 3649 1059 3698 m2
1075 3645 1111 3711 G)
1132 3646 1255 3713 serpente
1274 3643 1305 3696 N

157 3741 314 3793 3serruoue
336 3738 359 3790 (ῥ’
383 3755 517 3790 sermones
539 3738 592 3791 GP
699 3753 751 3806 qua
773 3735 884 3791 (dara
909 3736 971 3804 quia
995 3741 1042 3787 cet.
1134 3738 1226 3802 sque
1248 3732 1307 3787 GN

159 3844 227 3896 quac
250 3827 301 3878 CV
318 3828 362 3895 qui
383 3828 501 3890 (omnir
523 3826 549 3878 P
621 3826 742 3895 optinere
765 3824 879 3881 CtI‘MS
897 3824 1019 3876 obtinere
1039 3829 1086 3877 eet.
1154 3823 1170 3877 8
1191 3827 1303 3875 nanctus

157 3918 187 3976 (ιι
206 3917 278 3984 erp.)
300 3915 414 3977 CGVB,
435 3920 462 3978 (n
482 3922 564 3973 eras.)
584 3914 686 3966 PN‘M
730 3916 745 3966 9
766 3915 853 3967 colore
876 3913 898 3965 0
942 3914 974 3966 10
993 3912 1120 3980 adlapsus
1142 3911 1260 3968 0111111Ι
1279 3917 1304 3964 et

158 4012 238 4069 (corr.
263 4010 320 4070 arft)
345 4005 404 4060 Per
497 4007 527 4057 11
554 4004 668 4056 lortiuae
691 4004 713 4056 (ζ’
738 4012 763 4066 lv
787 4021 808 4056 a.
833 4021 847 4053 o
871 4007 927 4067 ru3)
954 4002 1070 4054 furtiuae
1090 4000 1113 4055 S
1135 4006 1163 4064 (ιι
1186 4002 1216 4053 ia
1235 4000 1304 4067 ras.)

160 4095 377 4161 reperientem
398 4092 447 4145 PG
504 4093 535 4145 11
556 4092 589 4143 ad
610 4089 632 4141 11
655 4091 682 4153 (d
702 4108 760 4158 capr.
784 4091 817 4157 G,
837 4107 905 4144 cras.
927 4091 962 4155 P)
984 4107 999 4142 a
1017 4089 1075 4143 MS
1128 4088 1161 4142 18
1181 4093 1212 4142 ut
1228 4087 1303 4142 Cur-3

156 4181 189 4234 N
207 4184 234 4235 et
255 4183 278 4234 ι’
290 4187 332 4236 mi
349 4183 432 4236 GPV
485 4185 516 4234 19
536 4181 663 4234 labantur
684 4182 706 4232 ζ’
720 4183 765 4233 m3
784 4181 911 4233 labuntur
926 4181 949 4232 C
961 4185 1002 4233 art
1019 4179 1044 4233 G
1059 4185 1087 4245 <u
1102 4197 1146 4248 pr.
1167 4195 1200 4233 cr
1214 4179 1241 4249 a)
1255 4185 1302 4231 ccl.

159 4271 192 4322 23
211 4271 257 4323 isti
276 4272 374 4338 scripsi
393 4271 471 4323 istius
492 4269 513 4320 11
535 4274 562 4322 et
582 4271 626 4322 isti
647 4269 679 4322 N
