2836 4822
287 352 329 405 De
349 350 416 405 Cain
436 355 464 405 et
481 351 551 405 Abel
571 350 598 403 ΙΙ
617 351 642 404 8.
662 350 687 414 9,
707 350 750 403 26.
770 351 804 404 27
824 349 848 420 (1
868 351 920 403 218
941 351 1052 403 Α-219
1072 349 1115 415 B).
1208 354 1271 418 401

126 547 259 618 siccum,
287 545 411 608 Amnon
440 545 523 608 intra
551 544 680 609 domum
706 545 870 610 occiditur.
893 546 1017 610 iustum
1042 545 1140 629 igitur
1164 549 1274 609 natura

127 658 176 717 est
203 652 351 735 inpertita
378 652 533 716 iudicium
563 652 702 730 calcea,
726 653 757 715 in
782 652 899 734 quibus
923 656 989 716 erat
1012 652 1155 716 futurum
1178 652 1274 733 parri·

126 761 254 836 cidium,
293 759 433 823 muneris
471 759 521 822 sui
561 760 634 823 dote
671 759 837 841 minando,
862 763 898 822 ut
935 779 970 824 ex
1003 758 1179 823 innocentis
1214 759 1273 823 soli

126 867 260 949 quadarn
286 866 485 931 damnatione
510 867 690 930 ostenderet
716 871 833 948 quanta
864 870 971 930 essent
989 866 1098 930 futura
1117 866 1274 948 supplicia
1300 877 1322 930 E

94 974 299 1038 enoniorurn.
338 977 465 1056 propter
498 974 603 1038 scelus
636 973 736 1058 igitur·
768 973 932 1038 hominum
961 977 992 1036 et
1019 973 1089 1054 ipsa
1117 972 1273 1036 elementa

126 1081 322 1144 damnantur.
355 1079 490 1161 denique
519 1079 624 1144 Dauid
652 1080 825 1159 montibus,
848 1079 879 1143 in
904 1080 1020 1161 quibus
1044 1080 1176 1144 Ionatlra
1200 1098 1272 1142 enm

124 1191 212 1269 patre
241 1189 451 1270 interemptus
480 1192 539 1263 est,
567 1191 739 1269 perpetuae
771 1205 904 1268 poenam
938 1186 1116 1251 sterilitatis
1149 1186 1273 1267 optauit

126 1293 247 1357 dicens:
281 1297 427 1356 montes
457 1291 519 1373 qui
549 1293 644 1355 estis
672 1292 708 1355 in
739 1291 897 1369 delhna,
927 1311 1044 1374 neque
1069 1311 1129 1355 ros
1153 1310 1271 1373 noque

125 1400 257 1480 pluuia
282 1399 390 1463 cadat
414 1417 528 1481 super·
552 1418 634 1475 uos,
660 1401 805 1463 montes
829 1401 979 1464 mortis!

10 1509 110 1592 ,2710
169 1507 261 1571 Nunc
286 1506 521 1571 consideremus
546 1527 609 1588 qua
631 1507 752 1571 ratione
780 1507 989 1591 interrogauit
1013 1507 1092 1570 deus
1117 1505 1192 1570 Cain
1217 1504 1272 1567 ubi
1299 1517 1321 1570 F

124 1618 211 1678 esset
233 1615 330 1678 frater
353 1633 442 1691 suus,
468 1614 560 1696 quasi
583 1613 721 1678 nesciret
744 1615 896 1679 occisum.
922 1613 977 1678 sed
1002 1613 1085 1696 qnod
1109 1613 1148 1676 ad
1172 1611 1272 1676 scien-

123 1722 200 1784 tiam
231 1721 280 1785 dei
309 1725 443 1803 spectat,
472 1724 641 1805 negantem
670 1721 777 1805 arguit
805 1726 837 1785 et
863 1719 1011 1785 infitianti
1045 1720 1134 1801 quasi
1168 1719 1271 1782 sciens

124 1828 300 1911 respondit:
339 1847 409 1891 uox
449 1828 649 1912 sanguinis
687 1828 818 1892 fratris
857 1829 913 1892 tui
951 1828 993 1891 ad
1030 1847 1085 1891 me
1123 1828 1270 1902 clamat,

124 1935 208 2016 quod
228 1939 334 1998 eutem
354 1935 392 1999 ad
412 1935 564 1999 rationem
584 1935 771 2016 profundam
791 1934 921 2011 adtinet,
940 1939 1108 2016 peccantes
1123 1933 1370 1997 admonetelea

80 2068 105 2107 rs
124 2042 347 2123 paenitentiam
378 2042 534 2106 confessio
564 2043 646 2105 enim
676 2061 847 2125 poenarum
875 2040 1086 2123 conpendium
1111 2044 1170 2104 est.
1199 2039 1270 2102 inde

121 2148 153 2211 in
185 2148 313 2212 iudiciis
346 2148 563 2213 saecularibus
594 2150 723 2233 inpositi
754 2150 862 2213 eculeo
890 2151 1079 2230 torquentur
1106 2151 1269 2231 negantes.

123 2258 156 2319 et
179 2255 333 2336 quaedam
357 2256 460 2339 tangit
482 2256 621 2321 iudicem
645 2255 807 2320 miseratio
832 2254 1022 2320 confitentis.
1047 2259 1097 2320 est
1116 2254 1269 2338 quaedam

122 2363 152 2425 in
186 2362 327 2442 peccatis
360 2363 552 2427 uerecundia
585 2366 617 2428 et
648 2363 860 2444 paenitentiae
892 2363 995 2444 portio
1029 2363 1145 2426 crimen
1180 2361 1270 2426 fateri

123 2486 178 2532 nec
198 2467 341 2532 deriuare
361 2470 498 2551 eulpam,
519 2469 574 2533 sed
599 2489 832 2554 recognoscere.
858 2470 986 2553 mitigat
1008 2470 1145 2534 iudicem
1169 2470 1271 2552 pudor

76 2604 102 2640 eo
122 2596 256 2652 reorum,
282 2577 398 2640 excitat
421 2580 527 2640 autem
551 2577 726 2661 pertinacia
750 2578 985 2661 denegantium.
1009 2578 1081 2641 uult
1103 2580 1134 2640 te
1158 2596 1269 2657 prouo-

122 2702 191 2746 care
220 2684 260 2747 ad
288 2685 412 2748 ueniam
443 2684 531 2761 deus,
561 2685 633 2748 uult
661 2685 699 2749 de
728 2704 761 2749 se
791 2685 909 2768 sperari
932 2684 1173 2768 indulgentiam,
1198 2685 1271 2748 uult

122 2789 338 2854 demonstrare
356 2793 413 2854 tua
432 2790 630 2855 confessione
650 2791 735 2873 quod
753 2809 815 2854 non
835 2792 878 2855 sit
896 2793 1007 2854 auctor·
1025 2789 1176 2853 malitiae.
1197 2809 1267 2853 nam
1296 2797 1318 2850 Β

123 2896 178 2977 qui
203 2902 372 2982 peceatum
401 2916 495 2960 suum
525 2896 563 2960 ad
593 2897 749 2978 quandam
777 2898 925 2974 referunt,
954 2901 991 2961 ut
1018 2897 1152 2980 gentiles
1181 2896 1268 2961 adso·

121 3009 203 3081 runt,
242 3005 361 3068 decreti
400 3008 454 3068 aut
492 3004 595 3087 operis
636 3006 686 3069 sui
723 3005 946 3069 necessitatem
988 3003 1096 3067 diuina
1137 3022 1269 3087 arguere

75 3110 279 3187 asnidentur,
319 3111 410 3194 quasi
447 3112 589 3194 ipsorum
626 3111 677 3176 uis
715 3131 811 3176 causa
846 3111 970 3193 peccati
1004 3111 1060 3186 sit3
1100 3111 1153 3192 qui
1186 3111 1268 3175 enirn

121 3219 311 3284 necessitate
341 3218 445 3300 aliqua
474 3223 605 3284 coactns
634 3218 785 3283 occiderit
813 3218 905 3301 quasi
931 3217 1052 3282 inuitus
1081 3216 1207 3281 occidit.
1234 3236 1269 3281 oa

213 3429 224 3480 1
246 3426 313 3497 Reg.
332 3427 360 3480 11
381 3427 421 3490 13,
441 3428 475 3481 28
495 3444 534 3497 sq.
587 3427 603 3480 8
622 3427 689 3496 Reg.
709 3427 737 3480 II
759 3428 782 3494 1,
801 3428 833 3481 21
893 3428 926 3481 10
944 3427 1023 3480 Philo
1045 3425 1116 3497 quod
1136 3424 1190 3480 det.
1211 3431 1268 3495 pot.

121 3514 171 3568 ins.
188 3515 220 3568 17
237 3515 308 3580 (202,
322 3516 369 3578 31;
384 3515 398 3568 Ι
413 3516 474 3577 271,
497 3516 530 3569 14
551 3516 592 3581 C.)
613 3514 722 3581 Quaest.
743 3516 755 3569 1
775 3516 808 3569 68
867 3518 898 3570 13
919 3515 986 3569 Gen.
1005 3517 1031 3582 4,
1053 3517 1085 3569 10

159 3640 170 3690 l
192 3655 287 3691 amnon
307 3638 342 3690 P¹
362 3646 433 3706 agne
453 3639 489 3692 Μ
507 3644 553 3706 (no
573 3640 604 3690 iu
622 3639 689 3702 raa.)
709 3656 815 3692 ammon
832 3640 859 3691 B
878 3656 953 3692 amor
971 3638 995 3691 V
1012 3655 1090 3691 amon
1110 3644 1157 3692 cet.
1195 3638 1267 3690 din·

120 3726 219 3795 peritia
238 3727 380 3796 (impertita
398 3726 429 3779 in
447 3731 510 3794 nep.)
531 3726 554 3779 S
571 3727 700 3796 inpertire
719 3727 755 3779 M
816 3729 832 3780 4
852 3732 925 3779 esset
940 3725 962 3779 S
980 3730 1058 3791 (cerr.
1079 3730 1136 3790 rud)
1155 3725 1268 3778 ΜΜῬ’

121 3832 179 3868 esse
204 3818 284 3879 (corr.
308 3818 366 3881 m2)
385 3814 425 3880 P;
448 3820 550 3883 quanta
574 3820 666 3868 esseut
688 3832 738 3871 orn.
759 3817 786 3868 B
876 3820 892 3868 5
912 3817 1050 3868 noxiorum
1070 3814 1269 3867 Laudunerrsis

120 3903 320 3956 itinerariorum
339 3903 449 3956 noxiora
468 3908 515 3956 cet.
606 3906 622 3958 6
643 3905 770 3957 ionatlree
789 3904 823 3956 P‘
905 3906 921 3957 8
941 3904 1039 3973 gelonag
1059 3904 1095 3957 M
1111 3903 1221 3973 gelboae
1246 3903 1272 3954 Γ

120 3993 218 4060 gelboe
237 3999 283 4045 cet.
341 3993 374 4045 12
393 3995 500 4061 spectat
518 3991 647 4046 cronaca.
668 3996 749 4046 2549
768 4000 792 4047 et
812 3996 908 4046 14399
930 3993 1047 4046 ἱῖίηᾱοὸ.
1067 3996 1125 4045 758
1143 3998 1268 4061 expectat

121 4088 167 4134 cet.
235 4083 267 4136 13
285 4082 326 4134 tui
346 4081 438 4134 fratris
456 4081 484 4134 P
550 4084 581 4134 15
602 4085 787 4152 paenitentiae
807 4084 842 4137 M
860 4083 893 4136 ad
914 4083 1110 4153 paenitentiam
1129 4082 1156 4134 B
1175 4082 1267 4151 paeni·

120 4171 234 4223 tentiam
254 4176 301 4223 cet.
360 4171 392 4223 16
414 4170 527 4239 equuleo
547 4171 574 4224 P
631 4173 661 4224 li
682 4172 842 4226 confidentis
861 4173 897 4225 Μ
950 4174 983 4225 23
1004 4170 1166 4225 reioruntB
1185 4171 1267 4223 refert

119 4259 181 4312 MP
200 4260 241 4326 (in
260 4260 360 4328 quitus
379 4264 391 4312 t
409 4261 440 4312 io
457 4266 526 4326 roo.)
547 4270 593 4318 cet.
645 4264 679 4319 25
700 4263 735 4315 sit
754 4263 860 4332 peccati
875 4263 902 4315 B
951 4264 985 4316 26
1006 4268 1115 4316 coactus
1136 4261 1267 4330 aliquali

147 4387 238 4430 xxxn.
256 4389 334 4429 amor.
349 4399 402 4440 pm
418 4393 438 4440 1,
449 4388 506 4429 rue.
518 4393 537 4432 1.
1196 4367 1229 4421 '26
