2836 4822
171 310 239 373 220
641 308 840 363 Ambrosii

169 520 277 566 ueram
301 521 371 568 esse
391 521 520 568 necesse
540 500 592 576 sit,
613 499 692 564 duas
712 499 813 581 primo
832 499 1027 564 interficiunt
1045 504 1209 583 tamquam
1228 512 1314 567 meu-

171 608 260 674 dacio
290 613 498 694 congruentes
523 610 554 673 et
578 607 624 672 sic
648 607 680 670 in
705 625 741 670 ea
765 624 844 688 quae
869 606 980 671 relicta
1003 610 1053 671 est
1076 607 1141 671 uim
1165 609 1313 674 ueritatis

169 715 297 780 haerere
329 716 507 780 definiunt?
540 716 612 796 quis
644 717 709 779 tam
742 714 835 778 tenax
867 715 975 795 potest
1007 733 1077 778 esse
1110 713 1255 779 beneficii
1283 719 1316 780 et

170 840 292 886 memor
320 822 462 906 gratiae?
493 820 748 904 quandoquidem
770 837 826 902 pro
851 819 976 884 domino
1001 820 1097 886 etiam
1120 820 1152 884 in
1175 821 1315 886 latrones

169 928 290 993 insilire
313 932 471 993 nonerunt
494 932 526 992 et
549 931 766 991 extraneorum
791 945 939 991 accessus
959 927 1124 1011 prohibere
1142 931 1315 994 nocturnos
1344 957 1357 997 s

169 1039 203 1099 et
229 1036 308 1100 mori
335 1055 391 1117 pro
420 1034 555 1100 dominis
584 1038 617 1099 et
645 1034 795 1099 commori
824 1052 895 1098 oum
925 1034 1060 1099 dominis
1093 1035 1157 1100 sint
1188 1036 1315 1120 parati?

170 1160 264 1222 saepe
296 1142 391 1207 etiarn
423 1142 510 1206 necis
541 1142 657 1207 inlatae
690 1141 851 1206 euidentia
883 1160 975 1205 canes
1008 1141 1047 1205 ad
1079 1141 1313 1226 redarguendos

169 1267 239 1313 reos
262 1248 379 1313 indicia
396 1249 611 1332 prodiderunt,
631 1250 668 1312 ut
686 1251 776 1312 muto
796 1266 905 1313 eonrm
923 1248 1108 1313 testimonio
1126 1250 1314 1332 plerumque
1381 1255 1404 1309 B

115 1359 160 1421 24
171 1356 215 1418 sit
242 1356 407 1421 creditum.
436 1355 624 1421 Antiochiae
650 1354 756 1419 lerunt
778 1355 810 1418 in
834 1355 1002 1420 remotiore
1025 1358 1113 1437 parte
1136 1357 1225 1421 urbis
1249 1376 1314 1422 cre-

170 1462 302 1544 puscolo
333 1465 481 1526 necatum
509 1462 626 1539 uirum,
658 1461 712 1543 qui
741 1480 848 1526 canem
877 1461 939 1525 sibi
967 1461 1150 1526 adiunctum
1175 1463 1361 1532 haberetne

170 1569 262 1633 miles
283 1569 411 1651 quidam
431 1568 602 1650 praedandi
622 1567 728 1633 studio
748 1568 893 1632 minister
912 1567 1018 1632 caedis
1038 1569 1190 1634 extiterat.
1209 1572 1315 1635 tectus

170 1675 254 1739 idem
276 1677 443 1740 tenebroso
468 1675 570 1739 adhue
591 1674 658 1738 dies
678 1673 804 1739 exordio
823 1674 855 1737 in
875 1674 953 1739 alias
973 1679 1078 1758 partes
1098 1679 1313 1741 concesserat:

170 1781 295 1846 iacebat
317 1782 518 1846 inhumatum
543 1781 686 1860 cadauer,
710 1782 858 1863 frequens
883 1781 1094 1863 spectantium
1118 1782 1238 1866 uulgus
1263 1783 1315 1846 ad-

169 1888 286 1964 stabat,
320 1888 405 1952 oanis
439 1893 553 1971 questu
585 1888 775 1953 lacrimabili
809 1888 928 1953 domini
958 1887 1094 1952 deflebat
1121 1906 1314 1953 aerumnam.

169 1994 250 2058 forte
283 1994 311 2059 is
344 1995 398 2081 qui
431 2014 540 2059 necem
572 1995 732 2069 intulerat,
766 2001 803 2059 ut
831 2013 864 2059 se
893 1994 989 2059 habet
1016 1995 1158 2059 uersutia
1184 1995 1404 2064 humaniue

170 2099 300 2183 ingenii,
330 2119 391 2184 qno
419 2095 568 2166 uersanti
596 2102 628 2165 in
652 2102 757 2166 medio
781 2101 970 2166 auctoritate
993 2106 1197 2184 praesumpta
1219 2101 1315 2167 fidem

171 2207 343 2271 ascisceret
375 2208 582 2286 innocentiae,
617 2207 656 2272 ad
688 2208 778 2273 illam
806 2208 1100 2290 circumspectantis
1127 2208 1237 2292 populi
1266 2228 1315 2273 nc-

171 2313 269 2377 cessit
300 2332 448 2378 coronam
481 2317 514 2379 et
544 2316 636 2379 uelut
668 2315 821 2380 miserans
849 2314 1115 2397 adpropinquauit
1141 2314 1180 2378 ad
1207 2315 1315 2380 funus⁸

169 2422 246 2484 tuno
270 2420 356 2485 oanis
381 2423 581 2503 sequestrato
605 2420 767 2504 paulisper
790 2424 905 2503 questu
929 2419 1048 2485 doloris
1073 2440 1159 2485 anna
1181 2420 1315 2487 ultionis

170 2525 350 2609 adsumpsit
373 2531 468 2609 atque
493 2526 724 2609 adprehensum
748 2528 853 2592 tenuit
871 2531 904 2591 et
922 2529 1013 2592 uelut
1032 2528 1158 2611 epilogo
1179 2528 1316 2610 quodam
1336 2559 1363 2600 m

169 2632 349 2698 miserabile
377 2652 501 2698 carmen
530 2634 766 2699 inmurmurans
794 2635 961 2700 uniuersos
991 2635 1149 2699 conuertit
1170 2634 1201 2698 iu
1227 2635 1318 2699 lacri-

168 2758 248 2815 mas,
272 2738 367 2803 fidem
391 2738 571 2822 probationi
594 2740 719 2817 detulit,
745 2739 830 2822 quod
853 2740 959 2805 solum
983 2740 1088 2804 tenuit
1110 2759 1146 2805 er
1168 2740 1317 2823 plurimis

170 2863 227 2908 nec
257 2845 387 2910 dimisit.
418 2844 553 2928 denique
582 2846 784 2928 perturbatus
813 2846 880 2924 ille,
910 2846 994 2929 quod
1022 2851 1088 2911 tam
1110 2847 1317 2912 manifestum
1378 2853 1401 2907 D

169 2950 213 3014 rei
246 2950 381 3016 indicem
415 2971 517 3034 neque
549 2951 613 3016 odii
646 2971 747 3034 neque
780 2952 1017 3017 inimicitiarum
1045 2971 1147 3036 neque
1174 2953 1316 3019 inuidiae

169 3063 226 3123 aut
252 3058 385 3123 iniuriae
414 3059 550 3123 alicuius
579 3062 705 3143 poterat
734 3059 910 3125 obiectione
934 3079 1080 3138 uacuare,
1106 3060 1223 3125 crimen
1248 3060 1317 3124 diu·
1335 3081 1361 3123 ss

258 3284 355 3339 3an
378 3285 427 3338 197
447 3284 494 3340 CI)
514 3285 560 3356 (84
579 3284 612 3352 Ε)
698 3291 714 3342 9
736 3286 965 3357 desumptahaec
984 3290 1097 3342 suntor
1117 3287 1230 3342 Suetoni
1248 3287 1314 3341 Pra-

168 3373 256 3463 tornm
275 3372 345 3426 libro
365 3372 483 3438 decimo;
503 3374 536 3427 ci.
557 3373 751 3429 Reifferscheid
771 3375 845 3429 Suet.
864 3375 912 3429 rel.
931 3393 958 3445 p.
978 3377 1031 3430 254
1050 3379 1078 3429 et
1095 3377 1148 3431 443

204 3497 220 3549 9
240 3496 394 3550 anthiociae
416 3496 480 3551 Cet
500 3498 601 3566 (chiae
620 3501 677 3569 m2)
698 3498 754 3553 GP
770 3500 903 3553 antiociae
926 3498 953 3553 V
1039 3500 1194 3570 crepuscolo
1214 3500 1318 3556 mres

168 3585 325 3653 crepusculo
347 3585 452 3640 OPma
465 3592 512 3641 oet.
569 3589 601 3642 10
621 3589 681 3641 nim
697 3587 720 3641 0
736 3591 764 3655 (t
779 3605 812 3641 cx
826 3606 841 3640 o
855 3592 913 3650 m3)
986 3589 1101 3643 haberet
1116 3588 1140 3643 0
1156 3589 1184 3656 (h
1200 3589 1232 3643 in
1244 3594 1314 3658 ras.)

170 3673 203 3725 12
221 3673 363 3745 tenebrose
383 3672 406 3726 ll
428 3677 574 3740 (tiaras.
593 3693 627 3730 eac
644 3676 695 3746 tet)
750 3676 807 3730 dies
829 3677 882 3730 CV
897 3683 922 3732 el
940 3682 983 3731 ml
1003 3678 1057 3732 GP
1074 3678 1128 3731 diei
1149 3677 1258 3732 GPma
1267 3685 1314 3734 cet.

170 3762 202 3815 14
225 3778 305 3816 canes
329 3779 397 3817 conr.
420 3765 558 3818 m30m2
569 3765 623 3819 GP
728 3765 885 3820 hernmnsm
910 3766 938 3826 (h
961 3769 1043 3834 cras.)
1069 3767 1128 3829 CG,
1149 3767 1178 3833 (h
1196 3773 1269 3837 cap.)
1289 3768 1317 3822 P

169 3853 202 3906 15
220 3852 263 3905 his
282 3850 357 3906 ilSB
377 3853 405 3919 (h
425 3870 483 3922 cop.
506 3853 616 3920 GPSB)
663 3857 695 3909 16
714 3860 869 3925 praesumta
889 3855 912 3909 C
929 3861 954 3910 et
973 3859 1054 3922 (corr,
1072 3860 1130 3922 m2)
1152 3856 1178 3911 θ
1222 3858 1255 3910 l'i
1271 3874 1314 3912 ac·

167 3941 236 3993 cesit
256 3939 280 3993 C
297 3947 376 4008 (corr.
395 3944 451 4008 m3)
491 3943 523 3995 19
541 3947 606 3995 tunc
625 3941 735 3998 flaua
753 3949 811 3997 tum
830 3949 878 3997 oct.
933 3948 1102 4014 sequestrato
1119 3943 1182 4009 O(e
1202 3944 1252 4000 alt.
1267 3949 1315 3999 m3

167 4045 200 4082 ex
218 4031 239 4095 i)
312 4030 347 4083 20
366 4029 482 4098 quodam
504 4030 527 4083 C
543 4031 570 4099 (o
589 4033 620 4083 in
638 4031 706 4100 ras.)
775 4032 806 4084 21
826 4030 952 4085 lacrimas
971 4032 1090 4087 om.llB
1161 4031 1314 4102 22111011-

166 4118 242 4170 tione
265 4116 494 4186 Cprobationem
523 4119 603 4173 GPB
627 4119 795 4188 probationis
820 4119 858 4172 M
981 4120 1015 4173 23
1040 4117 1215 4188 perturbatur
1236 4118 1318 4175 CPV

167 4207 201 4258 25
221 4223 352 4269 euacuare
370 4207 398 4259 P
415 4224 545 4262 euacusre
565 4227 582 4259 α
