2836 4822
129 324 173 386 74
598 318 794 371 Ambrosii

127 510 245 592 quibus
282 530 338 593 per
373 529 470 575 uenas
508 509 659 592 quasdam
698 510 821 573 occulte
860 529 970 573 sucum
1006 509 1162 592 quendam
1194 510 1273 574 haut

128 617 275 681 inutilem
317 617 560 693 sumministrat,
602 616 720 679 bonum
762 635 857 692 mare,
895 619 1057 698 tamquam
1095 615 1271 699 hospitium

127 723 310 801 fluuiorum,
339 724 409 788 fons
437 723 597 797 imbrium,
623 722 770 787 dirinutio
795 723 1011 798 adluuionum,
1036 722 1175 787 iuueotio
1201 741 1272 787 oon-

128 834 280 907 meatum,
306 849 366 912 quo
392 831 453 895 sibi
477 830 631 894 distantes
651 830 760 912 populi
780 830 977 912 copulantur,
999 848 1060 911 quo
1080 829 1272 910 proeliorum

128 941 331 1001 remoueutur
344 937 494 1018 pericula,
511 956 571 1019 quo
592 937 774 1001 barbaricus
794 937 882 1002 furor
901 936 1070 1012 clauditur,
1092 936 1272 1001 subsidium
1303 964 1315 1002 s

128 1044 159 1106 in
183 1044 437 1118 necessitatium,
461 1044 618 1129 refugium
638 1044 669 1107 iu
689 1043 849 1125 periculis,
870 1044 971 1127 gratia
989 1045 1020 1106 in
1040 1043 1271 1125 uoluptatibus

126 1150 298 1215 salubritas
331 1151 534 1227 ualetudinis
566 1153 782 1232 separatorum
815 1151 1005 1229 coniunctio,
1039 1151 1160 1214 itineris
1200 1170 1272 1215 con·

128 1257 288 1339 pendium,
325 1258 537 1342 transfugium
576 1258 785 1337 laborantum,
829 1258 1008 1322 subsidium
1050 1258 1270 1341 uectigalium,

126 1365 305 1429 sterilitatis
334 1365 531 1430 alimentum.
562 1385 597 1429 es
625 1365 685 1429 hoo
713 1365 823 1448 pluuia
850 1365 881 1428 iu
906 1368 1005 1429 terras
1030 1364 1271 1438 transfunditur,

127 1471 286 1553 siquidem
315 1471 352 1536 de
381 1472 460 1536 mari
489 1492 570 1554 aqua
597 1471 694 1536 radiis
719 1473 797 1535 solis
821 1473 967 1535 hauritur
991 1476 1022 1535 et
1045 1471 1130 1554 quod
1154 1472 1271 1536 subtile
1292 1498 1316 1536 ιο

126 1578 196 1642 eius
225 1582 275 1643 est
301 1579 441 1660 rapitur:
473 1578 583 1643 deinde
613 1583 729 1660 quanto
759 1579 855 1642 altius
884 1578 1027 1642 eleuatur
1054 1582 1142 1642 tanto
1167 1579 1271 1661 magis

126 1684 223 1747 etiam
257 1685 389 1748 nubium
423 1685 662 1750 obumbratione
690 1686 834 1771 frigescit
862 1688 894 1748 et
921 1684 957 1749 fit
984 1685 1095 1760 imber,
1125 1684 1180 1767 qui
1209 1704 1270 1748 non

127 1791 231 1854 solum
264 1795 419 1855 terrenam
452 1795 608 1874 temperat
636 1792 825 1869 siccitatem,
855 1791 911 1856 sed
940 1792 1035 1855 etiam
1062 1791 1168 1855 ieiuna
1196 1810 1270 1855 arua

126 1898 285 1965 fecundat.

79 2016 124 2078 23
172 2004 256 2084 Quid
289 2025 468 2070 enumerem
501 2006 632 2082 insulas,
672 2025 749 2089 quas
788 2007 878 2070 uelut
915 2006 1046 2070 monilia
1082 2006 1271 2088 plerumque
1292 2031 1315 2070 u

127 2112 290 2194 praeterit,
320 2113 351 2175 in
381 2113 496 2194 quibus
521 2113 544 2175 ii
568 2114 622 2194 qni
647 2133 681 2177 se
706 2113 852 2177 abdicant
874 2113 1136 2194 intemperantiae
1161 2132 1272 2177 saecu-

127 2217 201 2281 laris
238 2217 405 2282 inlecebris
445 2217 505 2282 fido
544 2219 753 2283 continentiae
790 2219 952 2302 proposito
990 2219 1115 2302 eligunt
1151 2219 1271 2283 inundo
1327 2236 1335 2279 r

127 2323 224 2387 latere
259 2327 291 2388 et
323 2325 408 2388 uitae
438 2324 533 2389 huius
564 2325 720 2389 declinare
750 2325 863 2389 dubios
893 2327 1078 2389 anfractus?
1107 2344 1192 2389 mare
1222 2331 1272 2390 est

125 2448 200 2513 ergo
226 2435 382 2495 secretum
401 2431 636 2513 temperantiae,
657 2432 841 2495 exercitium
861 2431 1080 2509 continentiae,
1102 2432 1272 2516 grauitatis

127 2555 284 2614 secessus,
309 2543 419 2620 portus
444 2538 634 2615 securitatis,
659 2539 874 2621 tranquillitas
894 2537 1023 2613 saeculi,
1043 2537 1139 2602 liuius
1158 2539 1271 2603 muudi
1289 2565 1315 2604 20

125 2643 292 2721 sobrietas,
335 2649 403 2708 tum
445 2644 592 2709 fidelibus
634 2645 712 2708 uiris
760 2650 854 2728 atque
902 2645 1026 2710 deuotis
1073 2645 1270 2709 incentiuum

126 2751 317 2827 deuotionis,
345 2757 382 2815 ut
410 2771 483 2815 cunr
511 2751 665 2815 undarum
690 2753 802 2816 leniter
826 2752 1022 2816 adluentium
1047 2770 1123 2816 sono
1149 2756 1271 2816 certent

123 2860 237 2921 cantus
261 2858 477 2940 psallentium,
502 2858 654 2940 plaudant
677 2859 799 2923 insulae
823 2859 993 2941 tranquillo
1019 2858 1173 2923 fluctuum
1200 2877 1270 2922 san-

214 3122 230 3174 2
251 3122 312 3174 etb
342 3119 458 3174 Secundi
486 3122 554 3173 sent.
580 3119 709 3187 (Mullaclr
732 3119 838 3189 Fragm.
863 3120 928 3188 plril.
953 3138 991 3190 gr.
1015 3120 1028 3173 I
1052 3120 1103 3174 518
1124 3137 1147 3182 a,
1172 3137 1199 3173 u,
1225 3122 1268 3186 15)

126 3211 159 3264 15
179 3209 241 3264 Bas.
259 3210 293 3263 93
314 3208 335 3261 Β
357 3209 401 3273 (39
422 3208 480 3276 CD)

162 3335 175 3388 1
200 3334 269 3387 haut
293 3334 326 3389 <21¹
356 3337 384 3386 et
408 3332 436 3400 (h
464 3349 484 3385 s.
509 3350 536 3386 u.
559 3336 616 3398 nc2)
645 3331 695 3387 GS
719 3332 792 3386 fraud
822 3332 847 3382 l'
868 3338 893 3386 et
915 3332 951 3386 M
963 3335 1010 3385 rrr2
1039 3336 1086 3386 aut
1108 3331 1199 3386 Mm1
1220 3338 1267 3385 ccl.

125 3423 140 3476 3
170 3422 298 3475 diriuatio
324 3422 347 3476 C
355 3425 397 3475 ml
421 3421 500 3476 GVS
526 3421 659 3474 deriuatio
687 3422 765 3475 (lma
783 3421 846 3474 PM
867 3421 997 3475 delibatio
1021 3421 1087 3474 NB
1204 3438 1267 3474 con·

123 3514 242 3564 meatum
261 3511 284 3564 C
300 3516 343 3563 recl
359 3509 413 3564 GP
430 3515 626 3564 commeantum
644 3511 669 3564 G
687 3515 735 3564 rua
753 3514 940 3565 conmeatuum
959 3511 982 3563 C
994 3514 1040 3564 m3
1054 3516 1101 3565 cet.
1138 3512 1154 3566 6
1170 3512 1266 3564 uoluu-

124 3601 228 3654 tatibus
250 3602 273 3653 (J
290 3604 369 3664 (corr.
389 3603 445 3666 rud)
469 3599 522 3652 GP
576 3601 591 3653 7
611 3599 776 3653 ualetudinis
794 3599 854 3654 MS
869 3605 894 3653 et
911 3605 953 3653 orel
974 3599 1023 3653 GP
1040 3599 1199 3653 ualitudinis
1221 3598 1270 3652 CP

123 3694 171 3743 aut
189 3696 235 3743 ccl.
301 3688 518 3741 Slaborantium
540 3687 628 3745 Gru
648 3695 672 3742 et
692 3689 711 3753 (i
730 3706 751 3743 s.
771 3706 797 3742 u.
817 3693 874 3754 m2)
894 3689 917 3744 dl
938 3689 957 3744 li
977 3687 1090 3757 captui*
1149 3689 1181 3742 10
1200 3688 1265 3742 huu-

124 3778 193 3830 ritur
215 3778 238 3830 (l
254 3779 273 3845 (i
292 3779 323 3830 iu
341 3784 409 3844 rue.)
484 3776 556 3845 quod
578 3777 601 3830 (l
618 3777 646 3847 (d
665 3795 685 3831 s.
706 3795 732 3831 u.
752 3781 809 3843 nid)
868 3779 900 3831 12
919 3777 1040 3846 frigescit
1057 3777 1081 3830 (ἵ
1098 3782 1123 3844 (e
1143 3793 1176 3831 ex
1189 3777 1265 3840 imai

127 3868 159 3922 13
177 3872 284 3920 terrena
306 3868 328 3919 C
348 3873 374 3932 (a
394 3884 426 3920 car
445 3883 461 3920 a
478 3870 536 3931 arr3)
603 3869 634 3921 14
655 3867 792 3920 fecundiat
814 3867 837 3919 (vr
853 3867 880 3935 (a
898 3882 919 3919 s.
939 3868 966 3919 ia
984 3872 1040 3933 ur3)
1107 3867 1139 3921 16
1158 3866 1199 3920 hii
1220 3865 1265 3924 (⁸21

123 3955 145 4020 (i
165 3957 213 4011 alt.
235 3960 316 4020 eros)
335 3955 443 4008 GPVB
462 3955 490 4006 hi
511 3961 556 4008 cet.
608 3955 639 4009 18
660 3955 814 4008 anfrauctus
832 3954 855 4008 0
872 3956 899 4024 (u
918 3955 949 4007 iu
968 3960 1034 4021 ras.)
1054 3954 1209 4010 anfranctos
1223 3955 1264 4009 Μ’

124 4044 280 4097 aufrenatos
299 4045 322 4100 u
342 4048 422 4108 (corr.
443 4043 589 4109 anfractos)
686 4044 717 4096 19
738 4044 870 4097 exerciurn
890 4059 958 4097 corr.
977 4048 1023 4097 aaa
1044 4044 1130 4098 Cosa
1147 4045 1175 4098 P
1193 4062 1264 4099 exer·

123 4133 216 4186 citium
239 4133 303 4203 Gn
325 4133 374 4185 ull.
392 4148 413 4184 s.
434 4149 460 4186 n.
480 4135 535 4198 ma
619 4131 653 4184 20
671 4132 765 4185 mundi
783 4133 864 4185 huius
883 4131 916 4186 N
997 4134 1030 4187 23
1050 4133 1181 4203 plaudent
1202 4134 1225 4188 C
1241 4139 1264 4187 et

120 4224 202 4292 (corr.
222 4226 279 4288 rim)
303 4222 327 4275 G
