2836 4822
316 373 465 428 Erarrrerou
486 371 526 425 ΙΙΙ
546 373 571 426 7.
590 373 616 433 8,
636 372 743 426 32-34
781 372 804 433 (Ι
823 374 857 427 45
876 372 1033 439 Β-16Β).
1202 378 1241 442 81

97 569 166 633 inde
196 568 233 631 lit
260 569 394 635 tructus.
424 572 498 632 sunt
525 567 688 632 nascentia
711 586 792 650 quae
816 567 855 632 de
879 568 983 633 radice
1008 569 1185 652 gemrinaut
1207 574 1245 634 ut

97 676 223 740 arbores
262 693 342 757 quae
378 693 439 738 non
479 679 554 739 sunt
590 679 677 739 satae
715 694 751 739 ex
788 675 921 739 aliarum
959 676 1106 740 arborum
1137 677 1242 742 radice

97 786 278 847 nascuntur.
311 783 343 846 in
376 782 551 845 harundine
583 781 731 845 uidemus
761 782 919 863 quomodo
947 783 978 846 in
1008 788 1144 847 extremo
1174 784 1242 847 eius

97 892 186 955 uelut
209 889 338 972 quidam
362 889 398 952 fit
417 888 518 953 nodus
538 906 554 952 e
573 889 672 952 latere
692 891 724 951 et
741 887 814 952 iude
833 887 896 952 alia
914 888 1056 953 harundo
1076 890 1241 973 germinat.

69 1000 145 1060 sest
173 1015 248 1079 ergo
272 995 304 1058 in
327 995 432 1060 radice
457 995 507 1059 uis
532 995 687 1077 quaedam
711 994 882 1061 seminarii.
907 995 1039 1060 insitiua
1061 1015 1187 1079 quoque
1210 997 1283 1061 qu

96 1103 312 1186 surperioribus
349 1101 537 1186 germinant.
576 1101 648 1165 aliis
686 1119 760 1184 ergo
798 1120 816 1165 a
851 1101 968 1178 radice,
1007 1102 1077 1167 aliis
1116 1103 1241 1168 diuerso

95 1228 224 1274 munere
249 1208 348 1274 series
373 1207 586 1273 successionis
610 1207 797 1289 adquiritur.
821 1207 907 1271 inest
930 1209 1014 1272 euim
1037 1210 1241 1275 nascentibus

96 1316 231 1400 singulis
248 1319 304 1381 aut
322 1334 428 1379 semen
449 1318 505 1378 urit
521 1314 626 1379 uirtus
646 1315 753 1397 aliqua
773 1316 941 1379 seminaria
960 1320 993 1380 et
1011 1336 1048 1380 ea
1066 1317 1239 1381 secundum

96 1442 207 1507 genus,
235 1426 273 1487 ut
302 1422 385 1505 qnod
415 1422 557 1486 nascitur
584 1440 620 1502 ex
650 1440 686 1486 ea
710 1421 813 1485 simile
838 1441 945 1487 eorum
971 1442 1049 1504 quae
1075 1426 1144 1486 sata
1168 1426 1242 1487 sunt

51 1552 78 1592 ro
95 1530 146 1594 uel
178 1549 315 1613 quorum
347 1529 386 1593 de
413 1528 518 1593 radice
547 1528 590 1592 sit
622 1529 787 1612 germinet,
817 1528 856 1592 de
884 1530 991 1594 tritico
1021 1529 1173 1607 triticum,
1202 1529 1240 1593 de

94 1636 183 1700 milio
213 1635 357 1706 milium:
387 1634 425 1699 de
452 1654 528 1717 pyro
557 1654 654 1717 pyrus
682 1635 754 1699 albo
782 1635 858 1700 flore
881 1636 1069 1718 prorumpit,
1094 1639 1241 1701 castanea

95 1761 220 1825 quoque
245 1742 349 1825 surgit
372 1741 410 1806 de
434 1741 538 1805 radice
563 1746 738 1809 castaneae.

11 1845 37 1905 4
139 1847 334 1913 Germinet
352 1848 456 1929 inquit
474 1852 574 1912 terra
593 1848 744 1912 herbam
763 1849 865 1913 saeui
884 1849 1089 1914 secundum
1110 1869 1237 1934 genus,
1256 1860 1328 1915 46A

95 1961 126 2020 et
163 1954 313 2019 continuo
351 1956 528 2038 parturiens
566 1960 649 2019 teua
687 1975 786 2021 nouos
820 1975 854 2020 se
886 1956 971 2020 fudit
1001 1957 1033 2020 in
1065 1960 1174 2038 partus
1208 1962 1241 2020 et

43 2086 77 2127 rs
94 2061 198 2125 induit
230 2080 264 2125 se
298 2062 416 2126 amictu
450 2061 634 2138 uiriditntis,
665 2063 799 2146 gratiam
827 2063 1032 2128 fecunditatis
1061 2062 1241 2145 adsumpsit

95 2168 295 2249 diuersisque
332 2174 459 2251 compta
496 2168 691 2252 genuinibus
728 2169 872 2251 proprios
915 2169 1058 2250 suscepit
1098 2173 1238 2233 ornatus.

94 2276 245 2339 miramur
273 2274 358 2356 quod
381 2280 447 2338 tam
471 2276 534 2340 cito
561 2276 778 2359 generauerit:
803 2280 921 2357 quanto
945 2274 1063 2340 maiora
1085 2275 1239 2340 miracula

94 2385 178 2457 sunt,
208 2382 235 2446 si
264 2385 388 2463 spectes
417 2380 555 2465 singula,
585 2382 851 2463 quemadmodum
881 2381 933 2445 uel
962 2382 1045 2445 iacta
1068 2382 1098 2445 in
1122 2386 1238 2446 terram

95 2489 215 2553 semina
241 2489 444 2552 resoluantur
471 2508 517 2557 ac.
547 2489 608 2553 nisi
635 2493 761 2553 mortua
788 2488 915 2565 inerint,
944 2489 1067 2554 nullum
1099 2488 1238 2553 furatum

46 2622 77 2662 :a
93 2596 245 2672 adferant,
264 2595 291 2659 si
306 2614 380 2659 uero
395 2594 512 2659 suerint
528 2594 663 2676 (quadam
680 2595 731 2659 sui
745 2600 846 2660 morte
861 2596 1010 2673 resoluta,
1025 2597 1056 2659 iu
1076 2596 1238 2659 uberiores

92 2703 215 2766 fructus
239 2707 414 2784 resurgant.
441 2702 578 2784 suscipit
599 2701 700 2785 igitur
723 2721 853 2785 granum
879 2702 976 2767 tritici
999 2703 1103 2784 putris
1126 2702 1239 2786 glaeba

92 2815 123 2873 et
156 2827 301 2890 sparsum
336 2809 464 2872 cohibet
496 2808 618 2873 occatio
652 2827 688 2872 ac
716 2810 807 2873 uelut
834 2814 976 2875 materno
1005 2814 1088 2874 terra
1116 2808 1277 2893 gremioB

92 2916 180 2979 torret
217 2918 250 2978 et
287 2915 465 2996 conprimit.
502 2914 575 2978 inde
609 2933 682 2978 cum
716 2934 749 2977 se
782 2935 914 2999 granum
948 2916 1027 2980 illud
1061 2915 1237 2980 resolueu't.

91 3021 220 3085 herbam
250 3021 406 3105 germinat
434 3023 523 3104 grata
551 3020 621 3103 ipsa
650 3021 711 3084 iarn
741 3022 863 3103 species
892 3022 1107 3086 herbescentis
1130 3022 1237 3086 uiridi-

53 3155 75 3195 s
91 3129 178 3201 tatis,
208 3146 288 3210 quae
318 3128 426 3191 statim
452 3147 551 3211 genus
577 3128 672 3192 satiui
699 3128 907 3193 similitudine
932 3129 982 3194 sui
1006 3129 1121 3212 prodit,
1146 3128 1236 3193 utin

91 3235 159 3319 ipso
189 3253 266 3299 suae
295 3234 405 3317 stirpis
430 3234 555 3299 exordio
581 3235 671 3299 cuins
696 3236 821 3319 generis
844 3235 939 3301 herba
964 3237 1007 3301 sit
1029 3253 1237 3319 recognoscas

91 3348 185 3424 atque
219 3341 250 3404 iu
283 3341 389 3405 herbis
422 3341 545 3406 hauctus
575 3346 742 3423 appareat:
772 3343 989 3425 paulatimque
1019 3342 1174 3407 adolescit
1200 3346 1237 3405 ut

91 3448 216 3512 lacuum
246 3449 415 3530 culmoque
444 3448 622 3531 pubescens
651 3449 784 3533 erigitur
811 3456 843 3514 et
871 3450 1025 3535 adsurgit.
1051 3456 1101 3514 ast
1124 3450 1178 3513 ubi
1203 3470 1236 3514 se

92 3554 272 3635 geniculata
296 3553 357 3617 iarn
382 3554 470 3635 spica
489 3555 666 3623 sustulerit.
686 3557 816 3640 uaginae
838 3563 990 3639 quaedam
1010 3557 1133 3621 l'uturne
1153 3556 1235 3640 frugi

178 3744 210 3796 21
232 3742 294 3795 Bas.
317 3743 367 3797 100
385 3742 431 3798 Bc
449 3719 494 3797 (42
516 3743 571 3807 llCr
592 3743 674 3807 [erg.
694 3744 792 3814 ticorg.
813 3745 879 3799 111

123 3852 140 3905 3
159 3855 307 3903 nascantur
320 3848 379 3903 I’V
390 3855 415 3903 ct
429 3866 496 3903 corr.
514 3854 560 3903 unt
574 3851 597 3895 (¹
611 3856 656 3902 ur?
672 3850 698 3904 G
737 3852 769 3906 10
783 3853 876 3905 tritico
893 3853 917 3899 (¹
934 3855 966 3915 eri
986 3868 1007 3906 c.
1029 3860 1065 3907 nt
1106 3856 1135 3907 ll
1154 3856 1234 3907 mileo

90 3939 197 3991 mileum
217 3942 296 3991 (corr.
311 3942 363 4003 nr1)
381 3938 431 3992 ΓΘ
487 3940 520 3992 13
535 3944 620 3991 terra·
638 3940 661 3992 O
674 3952 710 3995 (ur
726 3942 806 3994 cruat
863 3945 895 3995 14
916 3942 1005 3996 l'umlit
1023 3943 1044 3995 ll
1066 3961 1093 3996 =n
1113 3959 1182 3996 eruc.
1198 3943 1235 4011 (ι’)

123 4034 152 4079 et
170 4043 222 4080 ctu.
241 4026 279 4080 N‘
332 4029 364 4081 15
379 4029 506 4081 amictum
520 4027 618 4081 Num
672 4030 703 4082 17
724 4031 915 4097 gerruiunuerit
935 4031 1025 4086 Brun,
1049 4032 1116 4085 Tell.
1172 4040 1234 4084 suut

90 4116 219 4169 miracula
232 4114 291 4169 MS
334 4118 368 4170 ’ΞΟ
387 4119 409 4169 si
425 4134 488 4169 uero
501 4160 505 4170 .
518 4161 522 4169 .
535 4158 541 4170 .
553 4128 694 4179 resurgant
714 4136 763 4171 nire,
782 4117 802 4170 ll
852 4122 882 4173 ’31
900 4123 1020 4190 suscepit
1036 4119 1057 4171 ll
1075 4122 1197 4190 (suscipit
1214 4124 1237 4167 t'

92 4210 134 4257 aad
150 4204 177 4258 G
191 4210 249 4274 »121
262 4206 285 4260 n
300 4208 380 4259 (corr.
397 4210 452 4265 rude
463 4207 504 4259 Μ’
578 4209 665 4276 prrtris
677 4208 743 4261 N‘B
757 4216 781 4261 et
808 4214 854 4262 ur?
867 4228 900 4263 uc
913 4218 1017 4279 putresr
1032 4209 1090 4264 MS
1102 4212 1189 4263 nutrix
1203 4210 1233 4264 ll.

91 4293 123 4357 cs.
143 4292 220 4361 {serp
238 4292 370 4361 Georp.I
383 4297 422 4347 44
495 4294 612 4365 glqbaS
631 4294 771 4355 glebarum.
828 4298 862 4351 23
882 4299 957 4351 illruu
974 4296 996 4349 ll
1053 4301 1193 4354 abirom.
1212 4297 1232 4349 ll

117 4416 210 4455 xxxu.
228 4416 305 4455 amne.
321 4428 373 4466 pn.
387 4420 408 4465 r,
423 4418 477 4457 rese.
494 4422 513 4458 r.
1182 4406 1198 4458 6
