2836 4822
171 339 214 404 54
647 335 844 390 Ambrosii

169 533 274 615 ipsum
304 533 374 597 ideo
403 532 508 596 ferunt
536 532 600 615 ipsi
628 531 746 596 salsam
770 534 864 613 atque
889 550 1027 595 amaram
1051 549 1164 614 aquam
1187 532 1312 609 habere,

171 639 254 722 quod
283 658 319 704 ea
347 658 428 722 quae
455 639 563 703 fluuiis
592 638 623 703 iu
652 639 732 702 freta
758 637 872 702 influat
900 638 1002 703 calore
1027 639 1221 716 absumatur,
1245 643 1313 704 tan·

169 750 302 828 tumque
329 764 446 829 uapore
475 745 586 809 diurno
616 744 761 809 consumi
784 747 938 826 quantum
963 745 1093 809 cottidie
1116 764 1152 808 er
1177 744 1312 810 diuersis

169 838 341 918 fluuiorum
370 852 516 917 cursibus
544 852 723 916 inuehatur.
754 850 839 934 quod
867 869 903 915 en
932 851 1009 916 solis
1038 851 1174 935 quadam
1198 851 1313 918 diiudi-

169 959 292 1025 catioue
311 960 378 1024 fieri
397 958 590 1043 perhibetur,
611 957 665 1040 qui
685 957 771 1041 quod
789 977 903 1040 purum
924 977 959 1022 ae
979 959 1049 1024 leue
1069 962 1119 1024 est
1138 959 1200 1024 sibi
1218 961 1312 1044 rapit,
1344 994 1348 1030 a

169 1067 255 1149 quod
278 1085 373 1150 graue
398 1069 492 1149 atque
515 1069 674 1130 terrenum
698 1064 916 1147 relinquitur
940 1066 1001 1147 qn'o
1025 1071 1168 1131 remanet
1190 1068 1311 1132 salsum

169 1173 250 1238 illud
279 1178 374 1255 atque
402 1173 536 1249 aridum,
565 1171 650 1255 quod
678 1171 746 1236 sine
775 1190 836 1236 usu
865 1177 897 1236 et
921 1173 1079 1237 suauitate
1103 1175 1233 1257 potandi
1257 1178 1310 1243 sit.

78 1271 165 1357 4‚15
213 1280 276 1347 Sed
299 1283 497 1345 reuertamur
519 1279 557 1344 ad
581 1279 791 1363 propositum.
815 1278 886 1343 fiat
909 1280 1187 1346 firmamentum
1211 1284 1311 1351 inter

166 1388 327 1454 medium
361 1406 488 1471 equae.
522 1406 583 1452 non
616 1391 753 1462 moueat,
788 1386 872 1451 sicut
904 1387 966 1451 iem
1000 1388 1073 1466 dini,
1108 1391 1182 1472 quia
1214 1412 1310 1476 supra

167 1495 290 1560 caelum
327 1495 382 1570 eit,
419 1493 471 1558 hic
510 1493 588 1557 dicit
624 1493 913 1570 firmamentum,
951 1495 1098 1576 quoniam
1136 1503 1168 1563 et
1204 1499 1309 1566 Dauid
1331 1530 1348 1568 n

167 1603 230 1666 ait:
256 1601 353 1666 caeli
378 1602 554 1666 enarrant
578 1599 738 1684 gloriam
758 1599 827 1677 dei,
848 1604 885 1664 et
904 1622 1015 1683 opera
1034 1623 1208 1670 manuum
1228 1609 1310 1674 eius

166 1708 368 1773 adnuntiat
386 1708 677 1783 firmamentum,
693 1707 752 1771 hoc
768 1711 835 1773 est:
852 1708 961 1772 mundi
977 1730 1068 1793 opus,
1084 1731 1156 1777 cum
1171 1715 1310 1795 uidetur,

166 1835 260 1880 suum
284 1815 394 1879 laudat
417 1818 594 1890 auctorem;
618 1813 791 1878 inuisibilis
816 1815 898 1878 enim
922 1817 1072 1882 maiestas
1097 1821 1166 1885 eius
1195 1842 1251 1905 per
1275 1844 1311 1889 ea

165 1940 245 2003 quae
278 1921 427 1984 uidentur
458 1919 650 2004 agnoscitur.
684 1923 716 1983 et
748 1919 875 1985 uidetur
902 1923 980 1986 milri
1008 1944 1121 1991 nomen
1150 1931 1310 1998 caelorum

164 2047 332 2093 commune
365 2046 446 2104 esse,
479 2026 553 2110 quia
585 2026 739 2109 plurimos
772 2028 876 2092 caelos
914 2031 1070 2114 scriptura
1106 2036 1307 2121 testificatur,
1330 2064 1347 2104 n

164 2153 277 2200 nomen
311 2137 418 2198 autem
450 2151 519 2198 esse
552 2132 689 2215 speciale
721 2133 965 2214 firmamentum,
998 2139 1155 2222 siquidem
1186 2148 1218 2209 et
1255 2148 1307 2213 hic

164 2242 210 2306 ita
232 2241 347 2305 babet:
373 2242 409 2304 et
432 2238 590 2303 uocauit
613 2238 890 2305 firmamentum
915 2244 1071 2323 caelum,
1096 2251 1133 2311 ut
1160 2250 1308 2317 uideatur

164 2367 261 2431 snpra
275 2345 465 2431 generaliter
481 2344 597 2409 dixisse
612 2345 644 2409 in
658 2346 812 2428 principio
833 2349 957 2414 caelum
975 2349 1105 2432 factum,
1125 2358 1161 2418 ut
1180 2375 1306 2424 omnem

164 2455 311 2520 caelestis
326 2456 486 2517 creaturae
499 2451 650 2517 fabricam
666 2454 941 2536 conprehenderet,
957 2456 1008 2522 hic
1019 2463 1125 2524 antem
1135 2465 1306 2545 specialem

163 2560 351 2626 firmamenti
371 2560 466 2624 buius
481 2559 643 2624 exterioris
659 2559 863 2636 soliditatem,
879 2563 964 2644 qnod
978 2565 1095 2631 dicitur
1108 2569 1188 2633 caeli
1204 2570 1307 2637 firma·
1326 2599 1347 2638 a

163 2670 316 2744 mentum,
336 2667 421 2731 sicut
440 2667 576 2750 legimus
595 2666 626 2730 in
651 2666 766 2749 hymno
790 2668 994 2751 prophetico:
1019 2672 1244 2742 benedictus
1269 2698 1306 2744 es

163 2776 199 2840 in
231 2774 470 2839 firmamento
504 2773 611 2837 caeli.
646 2793 717 2836 uam
751 2774 884 2849 caelum,
919 2777 1003 2858 quod
1036 2774 1163 2863 οὐρανὸς
1196 2804 1307 2867 graece

164 2881 290 2960 dicitnr,
322 2880 429 2954 latine,
463 2880 538 2963 quia
569 2879 713 2960 inpressa
746 2881 911 2945 stellarum
943 2883 1063 2950 lumina
1096 2889 1186 2953 uelut
1214 2891 1307 2975 signa

161 2989 286 3062 babeat,
314 2990 476 3068 tamquam
505 2986 662 3050 caelatum
691 2987 878 3069 appellatur,
908 2989 993 3054 sicut
1021 2999 1196 3076 argentum,
1222 2999 1307 3079 quod

162 3095 263 3180 signis
283 3094 495 3158 eminentibus
519 3093 665 3178 refulget,
691 3093 848 3157 caelatum
873 3096 1018 3176 dicimus,
1044 3095 1173 3184 οὐρανός
1197 3108 1304 3169 autem
1324 3137 1346 3177 25

161 3200 220 3266 ἀπὸ
257 3209 309 3264 roo
346 3197 473 3284 ὁρᾶσθαι
509 3199 634 3274 dicitnr,
674 3200 758 3283 qnod
796 3201 932 3268 uidetur.
971 3206 1047 3289 πρὸς
1079 3203 1305 3294 ἀντιδιαστιλήν

251 3419 282 3472 11
303 3418 403 3470 Psalm.
421 3416 549 3471 xvnra
617 3417 649 3471 17
670 3416 736 3471 Gen.
758 3419 781 3475 1.
801 3421 817 3472 a
836 3420 899 3473 Bas.
921 3421 954 3474 72
973 3420 995 3474 Β
1015 3422 1061 3492 (30
1079 3422 1113 3488 Α)
1178 3425 1210 3478 21
1232 3426 1302 3480 Dan.

159 3506 239 3569 1156
294 3506 328 3560 22
347 3505 410 3562 isid.
431 3505 464 3558 dc
483 3510 538 3559 nat.
559 3522 608 3561 rar.
631 3507 671 3568 12,
691 3507 707 3560 2
763 3508 796 3561 23
817 3507 850 3562 cf.
871 3509 1064 3564 Reifferscheid
1080 3512 1154 3566 Suet.
1169 3513 1217 3568 rel.
1232 3514 1302 3569 llud.

158 3611 184 3664 p.
204 3593 296 3647 XVIII
350 3594 679 3665 resecaremus)

196 3718 282 3786 lsort.
294 3718 341 3771 isti
376 3720 393 3772 2
404 3715 587 3772 absumitnrll
598 3717 784 3788 (absumantur
793 3718 819 3774 G
828 3719 916 3790 mas
950 3723 966 3776 3
977 3722 1142 3778 consunnitll
1154 3731 1177 3790 (t
1185 3743 1255 3783 erae.
1267 3728 1302 3799 G)

158 3809 176 3859 4
195 3805 388 3861 diiudicatione
407 3807 445 3875 (di
464 3824 497 3861 ea
516 3807 560 3874 de)
583 3808 661 3862 t'GP
678 3808 888 3863 dieiudioatione
912 3811 938 3865 V
1033 3814 1063 3867 ll
1085 3816 1125 3867 ait
1143 3812 1167 3866 Π
1187 3816 1254 3871 dicit
1273 3816 1305 3871 N

160 3895 192 3950 17
210 3894 328 3950 babetur
345 3897 428 3952 MSB
500 3899 610 3951 uocauit
628 3896 694 3951 deus
716 3898 798 3953 Grrr2
810 3899 877 3953 N‘B
931 3903 962 3956 21
983 3919 1062 3971 >runo
1080 3904 1126 3958 CS
1177 3907 1212 3959 22
1227 3913 1252 3960 et
1267 3909 1300 3961 25

158 3981 411 4052 omnicoetum·
509 3988 543 4040 26
564 3985 848 4055 anouoyopacaal
867 3989 904 4042 M
919 3989 1204 4048 alTOT01·PAceal
1225 3995 1303 4050 CGP

157 4073 498 4139 unbauranamma
517 4076 608 4130 accior
626 4078 783 4145 corruptela
801 4079 832 4130 ta
846 4085 892 4135 cet.
952 4079 1061 4133 uidetur
1074 4079 1113 4133 11Ἶ
1132 4081 1265 4137 diuiditur
1277 4082 1299 4136 II

157 4160 283 4216 uideatur
301 4169 348 4216 cet.
404 4164 440 4217 al.
460 4162 847 4221 lIPOTaNTIAIACTOAHN
861 4167 899 4220 M
915 4169 946 4222 a'n
964 4186 1014 4238 rag.
1029 4173 1077 4222 nrt)
1094 4167 1298 4227 TPOTANTA·

157 4248 394 4304 nlncroanan'
416 4251 495 4305 CGP
511 4258 537 4306 et
553 4253 659 4307 eiraitr'a
677 4255 735 4321 fere
753 4260 800 4309 cet.
