2836 4822
127 374 192 437 462
597 368 795 422 Ambrosii

128 571 304 652 generatur,
330 587 365 631 er
390 586 452 649 qua
475 566 580 630 oleum
606 565 781 642 conficitur,
806 585 867 647 quo
892 565 1055 629 materiale
1079 565 1139 630 hoo
1166 566 1275 629 lumen

127 669 255 739 leuetur
278 678 310 739 et
333 675 532 738 tenebrarum
555 674 685 756 fugatur
709 673 896 737 obscuritas,
930 673 1006 754 quid
1034 675 1140 736 autem
1171 673 1275 756 magis

121 800 221 863 'quam
255 782 362 845 lumen
395 780 550 844 familiare
583 781 697 845 uirtuti
725 781 796 848 est?
826 779 938 845 solium
968 798 1043 863 ergo
1072 783 1104 844 et
1131 780 1274 843 ramulus

126 887 250 972 insigne
284 890 334 952 est
366 888 579 963 correctionis,
614 889 766 953 correctio
800 891 906 951 autem
939 888 1029 969 quasi
1056 886 1192 950 radicem
1223 888 1275 950 sui

126 994 353 1074 paenitentiam
381 993 486 1070 habet,
515 1013 595 1075 quae
623 993 818 1076 paenitentia
847 1012 906 1056 non
934 995 1041 1074 potest
1068 992 1099 1055 iu
1124 990 1272 1069 turbidis,
1302 1011 1315 1048 s

126 1100 182 1164 sed
206 1100 301 1165 iniis
326 1101 381 1183 qui
404 1100 466 1164 iam
490 1100 664 1182 spiritalem
689 1118 864 1164 sermonem
889 1100 1066 1180 acceperint
1087 1099 1272 1182 germinare.

124 1207 157 1271 in
182 1227 235 1272 ore
260 1227 385 1290 quoque
410 1227 469 1272 non
494 1208 596 1271 frusta
617 1207 761 1271 ramulus
785 1207 872 1270 oleae
896 1205 1023 1269 uidetur
1046 1223 1115 1270 esse
1135 1205 1271 1283 delatus,
1336 1209 1357 1263 Ε

125 1334 161 1380 eo
182 1314 267 1396 quod
285 1314 388 1377 uirtus
409 1316 441 1376 et
461 1313 615 1394 sapientia
634 1313 665 1376 iu
686 1331 828 1376 sermone
847 1311 897 1375 sui
917 1311 1032 1375 habeat
1050 1310 1271 1375 claritudinem

125 1424 157 1486 et
179 1420 249 1503 ipsa
272 1421 380 1484 statim
406 1421 511 1502 specie
534 1419 642 1483 lumen
667 1419 736 1483 eius
760 1419 920 1502 effulgeat,
942 1417 1075 1481 maxime
1095 1436 1167 1481 curn
1187 1419 1271 1499 paci-

124 1528 184 1591 tica
206 1527 357 1608 loquitur,
382 1527 530 1609 quonism
554 1527 637 1590 huuc
662 1545 786 1607 quoque
809 1524 968 1588 ramulum
992 1542 1102 1606 pacem
1126 1527 1271 1606 petentes
1291 1545 1316 1584 ro

124 1635 278 1716 praeferre
303 1637 504 1698 consuerunt.
529 1634 605 1697 tulit
628 1635 798 1709 ramulum,
818 1651 854 1697 eo
875 1631 958 1713 quod
978 1630 1168 1713 simplicitas
1188 1632 1272 1713 puri·

124 1745 189 1805 tate
220 1744 252 1804 et
280 1742 462 1806 sinceritate
491 1741 612 1805 semina
640 1739 792 1822 quaedam
822 1738 951 1802 auribus
980 1736 1095 1802 nostris
1121 1737 1270 1801 utilitatis

123 1847 264 1912 infundit
287 1852 318 1911 et
342 1847 441 1912 bonae
466 1848 608 1912 doctrina
631 1846 761 1911 uirtutis
785 1851 841 1909 arat
859 1845 897 1908 ad
917 1844 1101 1909 instantiam
1119 1849 1273 1927 prouocat

125 1959 157 2019 et
184 1955 301 2019 inuitat
327 1954 365 2019 ad
393 1955 569 2036 praemium
600 1954 698 2018 bonae
727 1953 789 2017 sibi
817 1952 979 2015 conscium
1004 1950 1189 2032 disciplinae
1214 1955 1270 2015 aut
1333 1965 1353 2018 F

122 2061 274 2144 gerendae
298 2061 507 2143 paenitentiae
532 2064 565 2125 et
587 2058 764 2141 sequendae
788 2057 1037 2123 conuersationis
1062 2059 1268 2140 cupiditatem
1288 2078 1312 2116 rs

122 2168 214 2233 inicit
236 2169 404 2250 peccatori.

78 2284 120 2347 68
167 2274 256 2340 Unde
280 2277 440 2357 praeterea
464 2273 650 2356 cognouerit
673 2277 802 2336 sanctus
825 2273 894 2337 Noe
919 2274 993 2355 quia
1016 2273 1166 2338 defecerit
1188 2292 1270 2355 aqua

122 2400 140 2444 a
172 2385 265 2458 terra,
299 2381 384 2445 sicut
416 2380 571 2462 scripturn
605 2384 664 2453 est,
698 2379 959 2443 considerandum
993 2380 1130 2447 uidetur.
1167 2380 1267 2461 primo

122 2488 262 2552 omnium
305 2486 479 2551 secuudum
521 2487 671 2562 litteram,
714 2485 788 2567 quia
834 2485 939 2567 potuit
980 2486 1166 2570 intellegere
1208 2486 1267 2550 sic-

120 2611 194 2656 cum
222 2612 260 2657 an
288 2592 432 2655 umidum
461 2593 573 2656 folium
602 2596 687 2657 esset
715 2591 857 2666 allatum,
888 2592 999 2657 deinde
1027 2593 1175 2673 quoniam
1204 2612 1264 2657 non
1285 2611 1309 2650 ro

120 2702 170 2763 est
199 2698 384 2762 huiusmodi
412 2699 569 2774 columba,
600 2702 635 2761 ut
663 2698 786 2761 fructus
815 2699 951 2762 latentes
976 2699 1035 2762 sub
1060 2717 1141 2780 aqua
1163 2700 1266 2779 possit

121 2824 239 2870 eruere.
273 2804 328 2868 sed
351 2808 460 2869 utrum
483 2805 561 2868 illud
587 2805 699 2870 folium
725 2809 796 2869 ante
821 2805 980 2869 diluuium
1003 2805 1101 2868 fuerit
1123 2809 1264 2870 exortum

121 2932 159 2976 an
184 2916 323 2993 tempore
347 2911 459 2975 diluuii
484 2911 697 2976 contuendum
723 2911 864 2977 esttibi.
890 2911 918 2975 si
937 2915 1008 2976 aute
1028 2910 1197 2989 diluuium,
1217 2912 1266 2975 uir

211 3156 242 3209 17
264 3154 329 3209 Gen.
349 3156 373 3213 8.
396 3157 425 3211 11

155 3282 171 3334 2
189 3281 277 3348 magis
297 3297 376 3350 quam
391 3280 418 3332 P
437 3284 466 3343 css.
488 3281 547 3350 agis
567 3298 647 3351 quam
666 3297 722 3333 ros.
743 3285 801 3333 octo
814 3279 876 3346 scre
896 3279 958 3343 litt.)
978 3279 1003 3331 Τ
1020 3283 1110 3347 (quam
1130 3295 1163 3332 ex
1182 3279 1263 3347 quod)

118 3369 134 3422 3
155 3369 281 3422 familiari
301 3369 328 3421 P
345 3374 396 3436 (—re
417 3369 474 3437 m2)
495 3368 518 3422 0
588 3370 721 3423 uirtutum
740 3369 767 3421 P
785 3369 830 3434 (·ti
850 3373 907 3433 m3)
926 3367 959 3421 N
975 3367 1076 3421 uirtute
1090 3365 1118 3418 B
1172 3369 1264 3420 leor-

119 3459 249 3528 reptionis
269 3457 298 3510 D
317 3458 496 3527 corruptionis
515 3457 546 3511 N
618 3458 751 3527 correptio
771 3456 804 3510 N
855 3460 870 3511 5
890 3455 973 3509 lrabet
991 3456 1018 3508 P
1036 3461 1075 3522 (et
1093 3460 1140 3510 m3
1158 3456 1190 3509 in
1207 3471 1263 3509 rus.

122 3573 223 3641 21111.)
287 3574 363 3627 this
384 3574 449 3627 libri
522 3577 685 3643 acceperunt
704 3571 790 3625 BOM
856 3574 888 3627 10
907 3538 1038 3634 {amulum
1058 3572 1086 3625 P
1149 3573 1179 3626 11
1201 3588 1264 3625 con·

121 3668 232 3716 suerunt
249 3663 311 3715 PT‘
330 3666 527 3715 consueuerunt
544 3667 591 3716 cet.
640 3662 672 3714 12
692 3677 722 3714 ac
740 3661 897 3715 sinceritate
919 3661 978 3715 CM
1020 3662 1053 3715 13
1073 3659 1267 3714 doctrinamT

157 3751 190 3805 ad
208 3768 229 3804 s.
248 3769 275 3804 u.
296 3752 323 3803 P
374 3751 531 3804 instantiam
551 3751 651 3817 scripsi
668 3750 827 3804 iudustriam
843 3751 1045 3803 BCiuslitiam
1065 3755 1112 3804 cet.
1154 3751 1185 3803 14
1200 3765 1263 3802 con·

120 3841 215 3909 scium]
237 3840 380 3893 comissum
399 3839 519 3891 DNUM
575 3840 605 3891 17
626 3838 696 3891 uncle
717 3843 745 3892 et
762 3839 794 3892 T‘
867 3840 996 3908 cognouit
1014 3839 1039 3891 Τ
1056 3838 1215 3906 cognouerit
1232 3836 1263 3889 T‘

121 3934 150 3994 (s.
171 3929 342 3992 luiterus.)
394 3929 424 3980 19
444 3933 534 3980 ulrum
553 3927 652 3980 siccum
672 3928 700 3980 P
719 3931 817 3991 (utrum
836 3946 858 3980 s.
877 3945 904 3980 u.
924 3931 981 3991 m2)
1001 3932 1048 3980 cet.
1095 3926 1129 3979 20
1144 3925 1263 3978 umidum

118 4017 173 4070 PT
190 4015 424 4083 humidumD(h
443 4032 464 4068 s.
484 4020 523 4080 u.)
548 4016 578 4069 T¹
598 4023 646 4070 cet.
720 4016 858 4084 quonium]
880 4013 1133 4083 ququuiaDN
1183 4014 1215 4066 21
1233 4016 1264 4065 ut

114 4105 219 4158 fruetus
238 4106 356 4157 latentes
376 4103 425 4157 sub
446 4122 517 4172 aqua
536 4105 624 4174 possit
643 4105 667 4157 T
684 4121 753 4174 quae
774 4109 816 4171 (ae
836 4120 869 4157 cc
883 4110 908 4168 a)
929 4104 1017 4172 possit
1032 4103 1108 4156 Pmr
1127 4103 1190 4172 (dcl.
1205 4104 1263 4170 m2)

114 4196 145 4247 ut
163 4195 251 4262 possit
269 4193 373 4247 fructus
392 4194 510 4247 latentes
530 4193 579 4247 sub
599 4211 670 4262 aqua
689 4180 715 4248 P
732 4195 763 4246 in
781 4210 830 4261 mp.
851 4197 897 4246 2113
916 4199 963 4246 cet.
1041 4193 1076 4246 23
1096 4191 1262 4254 constituen-

117 4282 181 4335 dum
206 4281 236 4336 T'
