2836 4822
133 334 194 399 116
610 333 808 387 Ambrosii

128 530 231 595 diem
251 549 294 593 eo
314 535 481 609 noctem,
501 530 575 612 quia
594 534 626 595 et
645 549 739 612 supra
753 531 827 606 iam,
843 531 898 595 ubi
912 532 1017 595 lumen
1033 530 1118 608 fecit,
1134 531 1271 597 dixerat:

129 639 340 722 separauit
364 637 461 702 deus
486 638 594 702 inter
616 639 746 702 luoem
772 642 810 703 et
833 639 1030 703 tenebrae.
1063 643 1101 702 et
1133 640 1271 704 factus

129 751 191 810 est
215 765 359 825 uesper
390 747 428 809 et
456 746 607 810 fuctum
637 748 698 810 est
717 765 836 820 mane,
858 745 942 809 dios
962 766 1073 810 unus,
1095 746 1151 810 sed
1171 747 1271 810 oonsi-

128 853 272 917 deremus
310 852 383 934 quia
420 851 507 916 aliud
544 856 594 916 est
625 852 732 916 lumen
765 851 838 928 diei.
872 852 957 916 uliud
989 852 1096 916 lumen
1129 852 1205 916 solis
1240 855 1272 917 et

126 959 218 1023 lunae
239 958 395 1022 etlumen
416 958 590 1031 stellarum.
612 978 647 1023 eo
668 957 752 1041 quod
772 959 820 1022 sol
834 958 902 1040 ipse
919 958 1015 1022 radiis
1032 959 1098 1023 suis
1114 958 1270 1043 fulgorem
1301 983 1313 1021 s

127 1065 237 1129 diurno
265 1065 378 1129 lumini
406 1064 552 1129 uideatur
576 1065 755 1149 adiungere,
782 1065 866 1148 quod
888 1065 942 1129 uel
966 1071 1053 1130 ortus
1078 1064 1140 1130 diei
1163 1067 1271 1147 potest

125 1172 255 1255 prodere
284 1172 334 1235 uel
365 1191 507 1236 occasus.
537 1192 610 1235 num
638 1180 707 1236 ante
732 1172 832 1236 solem
855 1171 941 1235 lueet
966 1171 1103 1254 quidem,
1129 1171 1269 1236 sednon

124 1279 262 1361 refulget
285 1277 362 1356 dies,
387 1278 461 1360 quia
484 1279 621 1360 amplius
645 1296 769 1360 quoque
794 1276 965 1341 meridiano
990 1276 1056 1341 sole
1080 1278 1269 1359 resplendet.

125 1385 208 1466 quod
228 1384 368 1449 ostendit
386 1385 539 1468 propheta
559 1384 684 1448 dicens:
705 1387 743 1447 et
762 1383 908 1448 educet
927 1384 1038 1448 siout
1059 1384 1191 1448 lumen
1216 1385 1268 1449 iu·

124 1491 283 1556 stitiam
304 1496 412 1556 tuam
432 1496 470 1555 et
488 1490 688 1556 iudicium
708 1495 819 1556 tuum
840 1493 948 1556 siout
969 1491 1188 1555 meridiem.
1205 1510 1265 1556 non
1288 1517 1311 1556 o

124 1599 228 1662 solum
256 1599 340 1663 enim
367 1598 491 1676 lumini,
516 1597 690 1663 sedetiam
715 1597 888 1662 meridiano
913 1597 1025 1662 lumini
1050 1597 1150 1662 saneti
1174 1599 1266 1663 iusti·

79 1706 99 1770 9
123 1705 200 1769 tium
224 1705 429 1788 comparauit.
455 1705 567 1770 deinde
591 1725 651 1770 nou
676 1706 780 1770 solum
804 1725 902 1769 unum
926 1705 1062 1787 signum,
1087 1704 1143 1768 sed
1170 1706 1265 1769 etiam

123 1811 185 1877 duo
209 1813 314 1878 uoluit
337 1832 405 1877 esse
425 1812 554 1876 diurnae
575 1812 773 1877 discretionis
793 1816 888 1894 utque
908 1815 1089 1886 noeturnae,
1110 1815 1146 1875 ut
1164 1815 1196 1876 et
1212 1812 1267 1876 lux

123 1918 345 1983 discretionem
369 1918 466 1983 faeiat
488 1923 520 1982 et
539 1918 616 1983 solis
637 1922 763 1983 exortus
784 1923 816 1982 et
834 1919 949 1983 iterum
968 1919 1050 1983 lueis
1070 1918 1214 1983 delectus
1235 1924 1267 1983 et

122 2025 286 2090 stellarum
320 2028 408 2090 ortus
440 2025 523 2089 inter
556 2045 702 2091 occasum
731 2025 793 2090 diei
821 2025 998 2109 distingunt
1027 2029 1059 2089 et
1086 2025 1188 2091 noctis
1217 2046 1309 2089 err-1⁵

122 2131 256 2196 ordinm.
289 2151 361 2195 nem
393 2132 447 2196 ubi
481 2133 632 2198 occiderit
660 2134 717 2197 sol.
745 2136 852 2196 manet
880 2135 984 2196 tumen
1013 2131 1116 2196 adhue
1144 2133 1264 2214 aliquid

122 2238 326 2321 reliquiarum
352 2238 424 2315 diei,
450 2239 547 2304 donee
571 2239 716 2304 tenebrae
740 2244 855 2303 terram
875 2239 1025 2321 operiant,
1045 2243 1077 2302 et
1095 2243 1170 2303 tuno
1189 2240 1263 2303 luna

123 2346 223 2409 oritur
259 2349 291 2408 et
327 2345 447 2409 stellae.
486 2349 518 2410 et
555 2346 591 2410 de
623 2349 714 2411 noete
747 2344 873 2426 quidem
907 2348 1013 2425 aperte
1044 2345 1155 2428 liquet,
1189 2347 1263 2429 quia

121 2453 216 2517 lunae
236 2456 268 2516 et
287 2452 450 2516 stellarum
470 2452 668 2518 inluminatio
689 2451 790 2516 noctis
807 2451 908 2534 spatie
921 2453 1089 2528 testentur,
1105 2452 1262 2535 siquidem

122 2579 177 2642 per
205 2558 288 2622 diem
316 2559 473 2642 fulgorem
502 2557 594 2621 illum
623 2558 766 2621 lunarem
795 2557 1022 2638 stellarumque
1050 2559 1190 2622 omnium
1215 2561 1264 2624 sol
1281 2583 1306 2623 eo

122 2669 247 2730 exortus
277 2665 452 2730 abscondit.
482 2664 519 2728 de
549 2664 599 2728 die
623 2668 729 2727 autem
753 2663 805 2727 uel
827 2664 896 2745 ipsa
921 2664 998 2728 solis
1021 2663 1187 2748 flagrantia
1210 2665 1263 2730 do-

121 2791 190 2835 cere
215 2790 271 2836 nos
295 2775 402 2855 potest
426 2771 584 2836 diuersam
609 2770 711 2834 diurni
729 2770 861 2835 luminis
882 2775 914 2834 et
932 2770 1009 2834 solis
1029 2789 1099 2834 esse
1117 2775 1261 2835 naturam

122 2881 153 2942 et
184 2878 285 2961 ipsum
320 2898 391 2943 esse
424 2878 562 2961 speciem
596 2877 795 2942 discolorem.
830 2877 962 2960 simplex
990 2877 1073 2941 enim
1100 2877 1184 2942 lueis
1213 2882 1262 2943 est

121 2985 254 3066 speeies
283 2989 319 3048 ut
345 2985 451 3049 lumen
480 2985 642 3067 praebeat:
667 2987 698 3048 et
723 2965 804 3049 uero¹
823 2984 871 3049 sol
895 3003 955 3048 uon
981 2984 1084 3047 solum
1108 2984 1261 3048 uirtutem

120 3090 329 3155 inluminandi
362 3091 468 3168 habet,
502 3091 558 3155 sed
590 3091 683 3155 etiam
719 3089 909 3173 uaporandi3
942 3090 1055 3173 igneus
1085 3094 1134 3153 est
1167 3089 1260 3164 enim,
1279 3107 1302 3147 ee

119 3197 202 3280 ignis
231 3201 337 3262 antem
366 3202 398 3262 et
424 3197 593 3262 inluminet
620 3202 652 3262 et
680 3198 789 3261 exurit.
814 3197 896 3262 undo
920 3196 997 3260 deus
1022 3197 1132 3260 uolens
1156 3196 1260 3280 Moysi

208 3423 224 3474 2
244 3422 310 3476 Gen.
331 3425 354 3482 1,
374 3424 391 3465 A
409 3440 449 3492 sq.
505 3423 522 3475 9
541 3423 640 3476 Pselm.
660 3422 773 3475 XXXVI
791 3425 807 3477 6
863 3424 897 3477 24
917 3422 980 3477 lsid.
997 3422 1029 3475 de
1045 3426 1099 3475 oet.
1115 3438 1165 3475 rer.
1183 3424 1224 3481 15.
1240 3423 1255 3475 2

118 3511 153 3563 26
169 3512 250 3565 Erod.
265 3514 290 3576 3,
306 3514 322 3565 2
337 3530 376 3582 sq.

156 3647 323 3733 linostem
343 3685 384 3745 (ue
404 3684 460 3744 m2)
481 3679 507 3732 P
524 3646 552 3744 di
570 3684 676 3733 noctem
703 3680 727 3732 V
744 3684 771 3733 et
789 3685 895 3733 noctem
915 3680 999 3734 MSB
1073 3681 1089 3733 2
1109 3681 1198 3733 fuctus
1218 3681 1258 3733 est

118 3785 215 3839 uesper
233 3767 255 3818 ll
275 3769 375 3822 loetum
396 3771 437 3820 est
456 3785 567 3837 uespere
586 3769 652 3821 N‘B
670 3768 757 3821 faetus
778 3774 820 3821 est
838 3786 949 3838 uespere
967 3768 1026 3823 MS
1097 3771 1112 3823 5
1131 3769 1215 3822 radiis
1235 3775 1257 3832 (s

117 3862 198 3922 erus.)
219 3859 273 3910 suis
294 3858 316 3925 (s
337 3858 385 3910 alt.
405 3863 486 3920 eros.)
509 3857 535 3912 G
598 3861 613 3912 6
634 3858 729 3911 diurne
751 3858 774 3910 C
845 3858 938 3911 lrortus
960 3859 1018 3912 CM
1034 3864 1060 3910 et
1080 3858 1108 3922 (h
1127 3863 1210 3924 eras.)
1233 3855 1256 3911 G

118 3948 217 4015 Ssort.
242 3948 288 4015 qui
311 3946 425 4014 amplius
480 3947 646 4000 dostendet
672 3947 695 4000 Ο
717 3947 764 4011 (it
786 3951 842 4011 ned)
917 3946 1008 4000 educit
1028 3947 1053 4000 G
1072 3947 1124 4015 (·et
1143 3950 1200 4014 m2)
1221 3946 1256 3999 N‘

152 4036 238 4089 lucem
261 4037 295 4092 8ΞΓ
347 4037 378 4088 10
401 4034 512 4088 meridie
539 4035 711 4089 Omeridiae
729 4036 824 4091 PlIM‘
876 4036 906 4089 ll
928 4035 1036 4088 luminis
1058 4034 1165 4090 CPMS
1216 4035 1256 4088 lu·

118 4126 196 4178 minis
219 4125 241 4176 (Ψ
286 4126 319 4178 12
339 4126 417 4193 signu
434 4125 457 4178 (Ὗ
475 4131 501 4182 (u
521 4142 554 4178 eu
572 4142 589 4178 u
608 4123 665 4192 me)
717 4125 749 4177 15
769 4131 842 4177 ortus
855 4124 952 4178 N‘MS
970 4128 1043 4177 ortus
1063 4121 1129 4177 etll
1149 4128 1173 4176 et
1188 4129 1255 4192 (cup.

736 4206 766 4229 um

118 4245 155 4306 eti
175 4241 201 4293 B
267 4241 319 4293 iter
340 4241 392 4293 (ΓΡ
409 4246 433 4294 et
453 4241 535 4305 (inter
552 4245 609 4305 m2)
632 4241 758 4304 Giternt
777 4240 803 4293 P
861 4241 894 4293 26
915 4235 1254 4308 dnsBDiu.,recteputo
