2836 4822
160 359 227 421 428
635 351 832 406 Ambrosii

159 568 223 632 que
250 549 328 612 haec
357 548 387 611 in
417 546 507 610 nobis
536 546 691 611 ualidiora
720 564 799 626 quae
826 545 972 628 propiora
1001 545 1097 628 capiti
1120 547 1208 624 sunt,
1233 547 1316 611 haec

161 655 400 739 praestantiora.
424 657 537 736 pectus
562 671 687 735 quoque
711 653 800 717 uelut
819 651 976 734 quoddam
996 653 1168 717 sacrarium
1188 653 1316 737 sapien-

158 763 224 827 tiae
253 766 286 825 et
313 761 498 826 stomachus
528 760 620 823 uelut
648 758 777 842 qnidam
804 759 910 837 testis,
939 762 977 823 ut
1003 760 1120 824 medici
1148 760 1248 837 aiunt,
1281 765 1314 826 et

158 869 309 934 conscius
338 871 531 933 secretomm
561 867 675 951 capitis
704 865 986 950 conpassionisque
1011 885 1150 944 consors,
1175 868 1227 932 cui
1252 887 1313 933 sua

159 976 267 1041 omnia
299 976 351 1039 uel
384 975 523 1040 salubria
555 976 609 1039 uel
641 973 777 1037 aduersa
808 973 1017 1038 transfundat.
1054 974 1154 1039 latera
1186 975 1311 1041 naticae
1341 991 1353 1029 ⁶

158 1082 279 1146 femora
306 1086 338 1145 et
365 1099 456 1146 crine
482 1099 648 1145 mensurae
676 1080 879 1145 latitudinem
906 1079 977 1161 ipsa
999 1081 1105 1163 specie
1129 1081 1312 1166 significant
1375 1073 1393 1128 θ

159 1188 340 1271 pedumque
374 1207 513 1272 gressus,
542 1188 597 1271 qui
625 1189 687 1254 etsi
716 1187 879 1252 exsiliores
909 1186 1065 1264 uidentur,
1093 1187 1175 1252 finnt
1202 1191 1309 1254 tamen

159 1315 233 1360 cum
256 1295 433 1359 incedimus
457 1295 598 1359 latiores.

67 1392 157 1475 8,24
205 1402 341 1466 Pulchre
365 1404 472 1466 eutem
498 1401 635 1467 addidit:
661 1403 812 1467 ostium
836 1421 879 1466 ex
901 1405 1141 1468 transuerso
1164 1404 1308 1480 facies,
1372 1403 1392 1455 b

160 1529 228 1572 eam
257 1512 379 1593 partem
407 1508 569 1573 declarans
599 1510 749 1591 corporis,
779 1529 834 1592 per
862 1528 957 1590 quam
981 1510 1140 1593 superflua
1163 1510 1306 1576 ciborum
1328 1523 1353 1562 1⁰

158 1635 284 1700 egerere
315 1615 553 1694 consuenimus,
581 1620 619 1680 ut
647 1636 727 1698 quae
754 1621 906 1699 putamus
934 1616 1123 1699 ignobiliora
1147 1637 1218 1681 esse
1242 1636 1308 1682 cor-

157 1723 255 1804 poris,
285 1723 334 1786 his
364 1722 513 1786 honorem
543 1722 805 1787 abundantiorem
835 1723 1055 1788 circumdaret.
1088 1724 1171 1805 quod
1204 1727 1307 1790 multo

159 1829 280 1912 gratius
314 1829 471 1911 scriptura
506 1830 660 1911 expressit
693 1849 786 1911 qnam
820 1829 966 1894 Socrates
994 1831 1026 1893 in
1053 1831 1134 1895 libro
1163 1831 1307 1896 Platonis

156 1936 276 2000 dixisse
295 1936 422 2020 legitur.
443 1956 514 2000 nam
530 1955 602 2001 eum
618 1936 706 2001 istud
721 1937 752 2000 in
768 1937 872 2019 Mopsi
888 1936 1014 2020 scriptis
1030 1938 1100 2001 siue
1113 1937 1182 2019 ipse
1198 1937 1307 2003 Socra·

65 2037 67 2041 ’
157 2045 207 2108 tes
236 2045 305 2108 sine
333 2044 436 2122 Plato,
466 2044 520 2126 qni
548 2044 578 2107 in
607 2045 752 2127 Aegypto
782 2046 853 2122 fuit,
881 2044 1021 2127 potuerit
1048 2044 1101 2108 uel
1122 2045 1228 2129 legere
1253 2047 1306 2110 uel
1328 2059 1352 2096 ¹⁵

155 2150 195 2213 ab
224 2151 263 2215 iis
291 2151 451 2234 percipere
480 2151 534 2233 qni
562 2152 715 2235 legerant,
745 2151 856 2216 decoro
885 2155 993 2217 motus
1022 2151 1152 2216 inuento
1185 2153 1306 2218 ostium
1374 2150 1395 2202 F.

155 2256 217 2320 sibi
234 2261 376 2340 apertum
396 2258 533 2339 putauit,
553 2262 590 2322 nt
609 2259 781 2341 operatoris
801 2260 901 2322 nostri
921 2257 1089 2322 consilinm
1108 2258 1306 2341 praedicaret

154 2363 289 2427 laudans
314 2383 350 2428 eo
375 2365 514 2446 quodid
538 2365 741 2446 potissimum
766 2365 880 2430 decoro
907 2365 1102 2441 conuenerit,
1126 2368 1164 2430 ut
1187 2366 1303 2434 ductus

156 2470 310 2552 quosdam
343 2475 437 2553 atque
472 2472 574 2536 exitus
605 2473 825 2537 cuniculorum
853 2476 1033 2537 nostrorum
1057 2493 1075 2537 a
1097 2477 1187 2556 tergo
1215 2493 1304 2538 auer-

154 2578 246 2652 teret,
271 2597 310 2641 ne
333 2579 364 2641 in
389 2578 633 2662 purgationibus
658 2580 778 2643 uentris
799 2582 988 2661 conspectus
1008 2582 1116 2645 noster
1134 2580 1304 2646 offendere·
1323 2593 1350 2630 2⁰

154 2684 215 2748 tur,
253 2688 285 2749 at
322 2703 397 2748 uero
436 2686 601 2767 apostolus
634 2705 734 2768 quae
768 2685 960 2750 uidentur
992 2686 1096 2770 inquit
1127 2688 1302 2754 membra

156 2791 342 2873 eorporis
376 2791 611 2857 infirmiora
643 2812 730 2857 esse
764 2794 999 2858 necessaria
1031 2797 1135 2872 sunt,
1169 2814 1230 2859 nno
1266 2815 1302 2860 ac

153 2897 293 2980 simplici
330 2899 426 2962 uerbo
466 2898 693 2983 descriptiones
732 2899 951 2982 philosophiae
988 2920 1224 2985 supergressus,
1263 2908 1303 2968 et

152 3023 253 3084 queve
283 3008 470 3086 putamus
500 3006 755 3089 ignobiliora
784 3025 872 3070 esse
900 3007 1073 3071 membra
1102 3009 1299 3100 eorporis,

153 3111 216 3175 bis
236 3113 425 3177 honorem
445 3112 781 3177 abundantiorem
802 3113 1110 3192 circumdamus,
1134 3118 1172 3179 et
1197 3134 1297 3197 quae
1319 3120 1391 3180 ssd

241 3322 388 3385 911006,
409 3325 442 3378 16
481 3323 818 3384 loxen.com1n.14,c
862 3322 1105 3385 1210001223
1144 3326 1176 3379 13
1194 3327 1296 3385 errauit

151 3411 308 3465 Ambrosius
328 3414 366 3465 eis
387 3429 455 3482 qnae
476 3413 548 3482 apud
566 3413 708 3467 Philonem
728 3411 839 3477 Quaest.
855 3412 882 3465 ll
896 3414 911 3465 6
926 3413 1054 3481 leguntur
1068 3413 1096 3466 iu
1115 3430 1232 3468 errorem
1253 3417 1294 3468 in-

149 3499 256 3554 ductus.
313 3503 343 3554 21
365 3501 378 3554 Ι
398 3501 458 3556 Cor.
481 3504 521 3560 12.
541 3503 575 3556 22
630 3504 664 3556 23
684 3502 697 3555 Ι
717 3500 778 3557 Cor.
800 3503 840 3564 12,
860 3501 894 3554 21

187 3626 198 3677 l
222 3626 360 3695 propriora
377 3627 405 3679 P
422 3630 447 3690 (r
466 3627 516 3680 ott.
535 3628 617 3693 cros.)
640 3626 672 3678 1¹¹
693 3629 716 3690 (r
736 3626 785 3678 ott.
805 3630 877 3692 cap.)
950 3629 1015 3678 sunt
1033 3642 1084 3679 om.
1104 3625 1136 3678 N
1215 3630 1231 3682 5
1251 3629 1296 3682 uel

143 3731 190 3781 pr.
215 3714 268 3767 TN
287 3715 363 3768 uelut
381 3715 412 3767 T‘
433 3720 475 3779 (nt
494 3717 574 3778 aas.)
595 3719 642 3767 cet.
680 3712 931 3767 blatitudinemP
950 3718 1002 3778 (ern
1022 3717 1069 3767 003
1087 3731 1120 3770 ex
1138 3702 1181 3781 ae)
1220 3718 1295 3771 'lex-

148 3804 254 3857 siliores
274 3805 301 3856 P
319 3808 343 3868 (s
358 3821 402 3872 pr.
422 3805 505 3872 erue)
525 3803 647 3856 exiliores
667 3809 713 3856 ccl.
812 3804 827 3855 9
848 3803 962 3856 aduerso
981 3802 1013 3855 N
1109 3804 1141 3858 10
1160 3807 1296 3874 superflua

147 3892 281 3960 ciborum]
303 3892 382 3960 ephos
401 3893 432 3945 N
489 3893 518 3945 ll
540 3891 789 3954 consusenimusP
839 3893 870 3946 16
890 3891 985 3945 hiisB
1004 3892 1046 3945 his
1065 3898 1111 3946 cet.
1169 3894 1202 3946 17
1216 3910 1294 3963 prse-

148 3979 271 4033 dicarent
293 3981 317 4033 Τ
335 3986 359 4033 et
378 3981 406 4048 (n
427 3985 497 4048 exp.)
518 3979 578 4032 PT¹
636 3980 669 4033 18
689 3997 719 4033 eo
739 3997 789 4033 om.
809 3980 837 4032 B
909 3979 1157 4035 deeoronecori
1176 3982 1204 4035 P
1222 3983 1243 4047 (i
1263 4000 1296 4039 eso

147 4071 175 4134 o)
198 4068 288 4121 T‘NB
361 4070 495 4122 conuertit
513 4068 540 4121 P
559 4072 640 4132 (corr.
660 4071 715 4132 002)
736 4068 763 4120 Β
833 4069 865 4121 19
885 4069 978 4137 atque]
1000 4069 1044 4121 uel
1062 4068 1094 4121 N
1160 4071 1193 4124 21
1214 4070 1250 4124 ad
1271 4076 1295 4137 (t

145 4171 168 4209 s.
188 4155 215 4222 d)
236 4158 263 4209 P
334 4158 368 4209 22
388 4157 534 4209 infirmiora
554 4162 581 4221 (a
599 4173 618 4210 s.
639 4164 678 4223 u.)
698 4157 726 4210 P
791 4157 825 4209 23
845 4157 1005 4227 filosophiae
1025 4157 1079 4211 ΡΤ
1096 4157 1294 4228 phylosophiae

151 4244 211 4297 ΤΒ
266 4246 299 4298 24
319 4245 438 4298 membra
457 4262 508 4299 om.
527 4246 554 4298 B
