2836 4822
354 375 501 428 Exameron
522 373 550 427 11
570 376 593 427 1.
613 375 637 436 2,
657 375 682 427 3.
701 375 719 428 4
757 374 780 439 (I
800 374 834 428 23
854 373 946 429 0-24
965 374 1008 440 B).
1211 379 1253 440 43

109 568 347 633 consideremus
372 588 452 650 quae
476 569 560 633 facta
584 572 659 633 sunt
682 573 714 632 et
736 572 866 633 naturae
889 568 1137 652 possibilitatem
1160 571 1297 636 interl}

108 694 268 759 rogemus.
306 695 407 757 neque
445 676 528 740 enim
561 694 633 739 curn
666 675 698 739 in
732 675 897 760 euangelio
929 676 1089 758 leprosum
1123 684 1255 756 curaret,

110 784 213 847 caecis
238 784 345 847 uisum
369 784 559 860 refunderet,
585 785 722 865 populus
747 783 802 865 qui
826 782 935 847 aderat
957 787 990 848 et
1012 786 1178 867 spectabat
1200 785 1257 849 illa

16 885 20 894 '
110 889 284 954 medicinae
309 891 448 955 ordinem
472 891 669 974 recognocit,
694 890 750 954 scd
773 893 963 972 potestatem
985 890 1103 956 domini
1121 892 1256 958 miratus

84 995 224 1074 adedit,
266 999 305 1060 ut
344 997 499 1080 scriptum
542 1001 600 1072 est,
643 997 708 1062 deo
746 995 903 1061 landem.
941 1016 1042 1080 neque
1080 999 1256 1063 secundum

110 1122 257 1167 numeros
294 1104 524 1187 Aegyptiorum
564 1109 595 1167 et
633 1123 805 1168 concursus
845 1104 984 1168 siderum
1022 1108 1054 1169 et
1090 1124 1255 1172 mensuras

111 1210 336 1275 elementorum
354 1210 494 1274 extendit
508 1230 635 1274 manum
653 1229 741 1274 suam
758 1211 899 1293 Moyses,
915 1215 952 1275 ut
965 1211 1162 1276 diuideretur
1171 1232 1256 1277 maro

111 1318 251 1395 rubrum,
276 1317 332 1381 sed
356 1317 482 1381 diuinae
506 1318 638 1400 imperio
661 1318 831 1400 potestatis
856 1319 1089 1401 obtemperans.
1113 1320 1197 1385 unde
1225 1321 1298 1385 etr

111 1424 178 1507 ipsa
212 1424 276 1488 ait:
310 1425 462 1489 dextera
490 1444 622 1496 manus
651 1428 725 1502 tua,
757 1425 914 1502 domine,
949 1426 1171 1509 glorificata
1199 1430 1257 1492 est

71 1531 147 1594 roin
188 1530 344 1608 uirtute,
388 1532 541 1596 dextera
581 1550 711 1595 manus
752 1536 829 1601 tua.
871 1531 1027 1613 domine,
1066 1532 1257 1617 confregit

111 1637 298 1702 inimicos.
327 1638 383 1702 illo
411 1639 520 1721 igitur,
550 1643 659 1702 sanata
686 1639 787 1720 plebs,
818 1639 908 1703 elena
935 1643 1073 1704 mentem
1103 1643 1191 1705 tuam
1225 1645 1258 1705 et

111 1747 214 1810 toturn
243 1745 384 1808 animum
413 1747 505 1808 tuum
535 1764 571 1810 eo
601 1745 718 1809 confer.
748 1764 808 1809 non
838 1745 884 1809 sic
916 1745 995 1810 deus
1027 1745 1117 1810 uidet
1148 1765 1256 1828 quem-

112 1850 282 1915 admodum
307 1851 413 1915 bomo.
438 1852 516 1916 deus
539 1852 571 1916 in
596 1852 698 1927 corde,
723 1852 817 1917 borno
841 1852 872 1916 in
895 1852 986 1916 facio.
1011 1872 1068 1918 nec
1093 1853 1258 1937 sicigitur

112 1957 205 2023 bomo
238 1957 327 2022 laidet
360 1957 629 2040 quemadmodum
663 1957 752 2023 deus.
786 1959 877 2023 audis
906 1961 981 2041 quia
1008 1959 1086 2024 dens
1115 1959 1198 2024 uidit
1226 1963 1259 2025 et

78 2083 97 2122 o
113 2063 266 2129 laudauit.
298 2065 364 2130 noli
396 2066 494 2148 igitur
525 2065 591 2129 tuis
624 2065 725 2130 oculis
758 2066 925 2130 aestimare
959 2084 1039 2148 quae
1071 2067 1156 2131 facta
1183 2071 1258 2132 siunt

113 2171 375 2255 opinionibusque
412 2172 573 2256 colligere,
611 2173 667 2236 sed
704 2192 783 2255 quae
822 2173 900 2237 deus
932 2173 1015 2238 uidit
1047 2178 1079 2238 et
1110 2174 1259 2256 probauit

114 2297 149 2343 ea
171 2283 207 2342 tu
231 2279 429 2343 retractanda
452 2299 512 2343 non
536 2284 640 2362 putes.

29 2374 76 2454 '224
155 2386 197 2449 nt
238 2384 316 2449 dixit
362 2387 460 2450 deus:
508 2387 578 2450 liat
623 2387 900 2451 firmamentum
947 2387 1047 2452 inter
1089 2387 1348 2452 mediumtln

114 2510 229 2574 aquae
259 2495 295 2556 et
323 2492 375 2556 sit
403 2493 628 2557 discernens
656 2494 755 2557 inter
784 2512 924 2575 aquam.
955 2498 992 2558 et
1020 2494 1163 2558 factum
1196 2497 1258 2559 est

76 2616 98 2656 ro
115 2599 177 2664 sic.
203 2598 277 2663 andi
302 2600 398 2663 uerba
422 2600 490 2664 dei:
515 2601 586 2664 fiat
609 2601 696 2665 dicit.
720 2600 859 2664 iubentis
883 2604 941 2677 est,
966 2620 1026 2664 non
1048 2601 1256 2679 aestimantis,

113 2705 248 2789 imperat
275 2710 416 2783 naturae,
445 2727 506 2771 uon
534 2707 739 2789 possibilitati
769 2706 975 2790 obtemperat,
1005 2727 1066 2770 non
1089 2711 1298 2772 mensnrasB

114 2813 247 2896 colligit,
276 2832 336 2877 non
364 2814 488 2894 pondus
518 2814 682 2878 examinat.
712 2815 862 2878 uoluntas
892 2813 960 2877 eins
983 2832 1131 2878 mensura
1154 2833 1257 2877 rerum

114 2922 172 2994 est,
207 2938 312 2983 senno
345 2920 414 2984 eius
447 2921 518 2985 finis
553 2925 602 2984 est
634 2921 746 3003 operis.
781 2921 855 2985 ‘fiat‘
883 2921 987 3002 inquit
1015 2921 1258 2985 ‘finniramentum

111 3026 193 3090 inter
224 3026 360 3090 mediam
395 3035 530 3110 aquam‘.
564 3028 686 3091 firmum
719 3031 768 3092 est
796 3048 887 3092 omne
916 3027 999 3109 quod
1028 3028 1141 3092 statuit
1169 3028 1258 3092 deus.

74 3152 96 3190 a
113 3137 145 3197 et
186 3133 265 3197 satis
307 3133 438 3216 pulcbre
479 3135 645 3216 praemisit
686 3134 751 3198 ‘liat
792 3134 1046 3209 firmamentum,
1089 3137 1259 3215 antequam

113 3240 275 3303 subiceret
302 3241 393 3305 ‘inter
420 3241 557 3305 mediam
586 3243 719 3323 aquam’,
749 3246 785 3304 ut
812 3244 847 3305 tu
877 3242 965 3323 prius
989 3241 1132 3305 crederes
1157 3242 1259 3305 firma-

112 3350 257 3411 mentum
286 3366 321 3410 ex
349 3352 518 3430 praecepto
547 3347 598 3410 dci
626 3348 745 3412 factum
775 3367 869 3430 quam
899 3347 936 3410 de
961 3366 1113 3429 aquamm
1138 3348 1261 3430 proflua

203 3591 219 3644 2
239 3590 336 3644 blatth.
356 3591 381 3652 8,
402 3592 430 3653 2;
451 3592 476 3654 9,
496 3593 531 3646 30
551 3592 603 3653 (20,
624 3593 657 3646 34
677 3593 758 3645 blare.
779 3593 803 3655 8,
823 3592 870 3654 25;
893 3593 934 3652 10,
954 3592 988 3645 32
1008 3590 1072 3646 Luc.
1095 3591 1258 3655 lasaron.

113 3681 186 3745 llll
243 3679 342 3733 5Luc.
363 3680 404 3743 18,
424 3681 459 3734 43
528 3680 744 3746 aaronita
800 3680 832 3734 18
853 3680 919 3734 Gen.
941 3682 1164 3744 l,6et7Bas.
1185 3681 1260 3736 530

115 3768 217 3839 12211)

151 3928 629 3998 'lleprososB;cs.Loc.17,12
679 3931 695 3981 3
716 3934 743 3982 et
763 3929 923 3998 expectabat
942 3929 966 3983 ll
1013 3929 1078 3983 bet
1097 3930 1145 3983 ult.
1165 3929 1265 3984 onaN

117 4018 240 4070 amoses
262 4017 285 4069 C
376 4017 408 4070 12
429 4018 643 4070 canteriatas.
666 4018 690 4066 (J
793 4019 824 4070 17
846 4035 876 4071 ea
896 4025 926 4072 tu
947 4021 976 4072 N
993 4022 1036 4088 (ea
1054 4019 1198 4073 tractanda
1216 4021 1259 4086 ³21³)

118 4109 223 4159 creator
241 4103 293 4159 ΠΒ
356 4106 388 4159 18
408 4107 479 4159 inter
497 4106 614 4159 medium
630 4124 716 4176 aqrrae
733 4105 754 4157 ll
774 4108 846 4160 inter
864 4108 982 4161 medinm
1002 4125 1131 4177 aquarum
1146 4107 1212 4164 21112
1233 4107 1260 4159 in

116 4195 205 4249 medio
225 4211 353 4264 aquarum
368 4195 396 4248 B
410 4196 480 4249 inter
498 4196 614 4249 mediam
634 4213 730 4265 aquarn
746 4197 838 4252 ll‘dffl
902 4198 933 4250 19
953 4215 1049 4265 aquam
1069 4201 1097 4250 et
1116 4213 1213 4264 aquarn
1235 4195 1261 4248 G

116 4287 163 4337 rn2
180 4283 219 4337 N¹
240 4284 323 4338 Cant.
377 4285 411 4338 24
426 4290 451 4337 ct
466 4285 500 4339 26
519 4286 590 4338 inter
609 4284 727 4338 inedium
747 4301 876 4355 aquarum
899 4285 981 4340 Grae
1002 4287 1081 4339 t'ant.
