<?xml version="1.0" encoding="UTF-8"?>
<!DOCTYPE html PUBLIC "-//W3C//DTD XHTML 1.0 Transitional//EN"
    "http://www.w3.org/TR/xhtml1/DTD/xhtml1-transitional.dtd">
<html xmlns="http://www.w3.org/1999/xhtml" xml:lang="en" lang="en">
 <head>
  <title>
</title>
<meta http-equiv="Content-Type" content="text/html;charset=utf-8" />
  <meta name='ocr-system' content='tesseract 3.04.00' />
  <meta name='ocr-capabilities' content='ocr_page ocr_carea ocr_par ocr_line ocrx_word'/>
</head>
<body>
  <div class='ocr_page' id='page_1' title='image "./sanctiambrosiio02petsgoog_0444.png"; bbox 0 0 2836 4822; ppageno 0'>
   <div class='ocr_carea' id='block_1_1' title="bbox 235 356 1262 424">
    <p class='ocr_par' dir='ltr' id='par_1_1' title="bbox 235 356 1262 424">
     <span class='ocr_line' id='line_1_1' title="bbox 235 356 1262 424; baseline 0.031 -22"><span class='ocrx_word' id='word_1_1' title='bbox 235 358 239 367; x_wconf 91' lang='lat'>·</span> <span class='ocrx_word' id='word_1_2' title='bbox 347 356 511 410; x_wconf 63' lang='lat' dir='ltr'>senoco.</span> <span class='ocrx_word' id='word_1_3' title='bbox 533 356 701 421; x_wconf 79' lang='lat' dir='ltr'>roso-aa</span> <span class='ocrx_word' id='word_1_4' title='bbox 744 356 1034 424; x_wconf 71' lang='lat' dir='ltr'>‹rasas-asom.</span> <span class='ocrx_word' id='word_1_5' title='bbox 1197 361 1262 424; x_wconf 80' lang='grc'>433</span> 
     </span>
    </p>
   </div>
   <div class='ocr_carea' id='block_1_2' title="bbox 19 552 1307 3415">
    <p class='ocr_par' dir='ltr' id='par_1_2' title="bbox 19 552 1307 3415">
     <span class='ocr_line' id='line_1_2' title="bbox 112 552 1264 635; baseline 0.002 -19"><span class='ocrx_word' id='word_1_6' title='bbox 112 552 188 617; x_wconf 91' lang='lat' dir='ltr'>dum</span> <span class='ocrx_word' id='word_1_7' title='bbox 213 552 245 616; x_wconf 91' lang='lat' dir='ltr'>in</span> <span class='ocrx_word' id='word_1_8' title='bbox 270 553 354 617; x_wconf 92' lang='lat' dir='ltr'>bello</span> <span class='ocrx_word' id='word_1_9' title='bbox 380 572 452 617; x_wconf 91' lang='lat' dir='ltr'>cum</span> <span class='ocrx_word' id='word_1_10' title='bbox 477 553 649 635; x_wconf 88' lang='lat' dir='ltr'>imperator</span> <span class='ocrx_word' id='word_1_11' title='bbox 672 552 710 616; x_wconf 92' lang='lat' dir='ltr'>ab</span> <span class='ocrx_word' id='word_1_12' title='bbox 739 553 832 618; x_wconf 89' lang='lat' dir='ltr'>hoste</span> <span class='ocrx_word' id='word_1_13' title='bbox 861 553 1026 632; x_wconf 79' lang='lat' dir='ltr'>occiditur,</span> <span class='ocrx_word' id='word_1_14' title='bbox 1056 555 1264 619; x_wconf 74' lang='lat' dir='ltr'><strong>commoritur</strong></span> 
     </span>
     <span class='ocr_line' id='line_1_3' title="bbox 115 660 1263 742; baseline 0.001 -19"><span class='ocrx_word' id='word_1_15' title='bbox 115 660 183 725; x_wconf 90' lang='lat' dir='ltr'>eius</span> <span class='ocrx_word' id='word_1_16' title='bbox 212 660 368 725; x_wconf 82' lang='lat' dir='ltr'>exercitus</span> <span class='ocrx_word' id='word_1_17' title='bbox 397 663 493 742; x_wconf 86' lang='lat' dir='ltr'>atque</span> <span class='ocrx_word' id='word_1_18' title='bbox 522 660 623 724; x_wconf 89' lang='lat' dir='ltr'>omnis</span> <span class='ocrx_word' id='word_1_19' title='bbox 652 660 877 724; x_wconf 79' lang='lat' dir='ltr'>comminuitur</span> <span class='ocrx_word' id='word_1_20' title='bbox 904 661 1008 725; x_wconf 88' lang='lat' dir='ltr'>uirtus</span> <span class='ocrx_word' id='word_1_21' title='bbox 1032 661 1190 739; x_wconf 81' lang='lat' dir='ltr'>militaris,</span> <span class='ocrx_word' id='word_1_22' title='bbox 1217 662 1263 725; x_wconf 94' lang='lat' dir='ltr'>sic</span> 
     </span>
     <span class='ocr_line' id='line_1_4' title="bbox 113 766 1263 852; baseline 0 -20"><span class='ocrx_word' id='word_1_23' title='bbox 113 787 173 832; x_wconf 92' lang='lat' dir='ltr'>non</span> <span class='ocrx_word' id='word_1_24' title='bbox 198 768 376 852; x_wconf 80' lang='lat' dir='ltr'><strong>discrepare</strong></span> <span class='ocrx_word' id='word_1_25' title='bbox 401 787 418 832; x_wconf 88' lang='lat' dir='ltr'>a</span> <span class='ocrx_word' id='word_1_26' title='bbox 441 767 568 832; x_wconf 82' lang='lat' dir='ltr'>iustitia</span> <span class='ocrx_word' id='word_1_27' title='bbox 590 766 698 831; x_wconf 89' lang='lat' dir='ltr'>uisum</span> <span class='ocrx_word' id='word_1_28' title='bbox 722 771 782 844; x_wconf 87' lang='lat' dir='ltr'>est,</span> <span class='ocrx_word' id='word_1_29' title='bbox 808 786 881 832; x_wconf 89' lang='lat' dir='ltr'>cum</span> <span class='ocrx_word' id='word_1_30' title='bbox 904 767 1048 832; x_wconf 91' lang='lat' dir='ltr'>interiret</span> <span class='ocrx_word' id='word_1_31' title='bbox 1075 769 1181 850; x_wconf 89' lang='lat' dir='ltr'>bomo,</span> <span class='ocrx_word' id='word_1_32' title='bbox 1211 769 1263 833; x_wconf 91' lang='lat' dir='ltr'>cui</span> 
     </span>
     <span class='ocr_line' id='line_1_5' title="bbox 112 874 1263 959; baseline 0.001 -21"><span class='ocrx_word' id='word_1_33' title='bbox 112 875 251 959; x_wconf 84' lang='lat' dir='ltr'>regalem</span> <span class='ocrx_word' id='word_1_34' title='bbox 282 875 441 959; x_wconf 88' lang='lat' dir='ltr'>quandam</span> <span class='ocrx_word' id='word_1_35' title='bbox 469 875 617 939; x_wconf 88' lang='lat' dir='ltr'>dominus</span> <span class='ocrx_word' id='word_1_36' title='bbox 646 874 723 939; x_wconf 90' lang='lat' dir='ltr'>deus</span> <span class='ocrx_word' id='word_1_37' title='bbox 752 874 783 936; x_wconf 92' lang='lat' dir='ltr'>iu</span> <span class='ocrx_word' id='word_1_38' title='bbox 813 893 904 939; x_wconf 90' lang='lat' dir='ltr'>omne</span> <span class='ocrx_word' id='word_1_39' title='bbox 929 875 1137 939; x_wconf 88' lang='lat' dir='ltr'>animantium</span> <span class='ocrx_word' id='word_1_40' title='bbox 1162 893 1263 958; x_wconf 88' lang='lat' dir='ltr'>genus</span> 
     </span>
     <span class='ocr_line' id='line_1_6' title="bbox 84 981 1263 1064; baseline 0.006 -25"><span class='ocrx_word' id='word_1_41' title='bbox 84 985 304 1064; x_wconf 76' lang='lat' dir='ltr'>epotestatem</span> <span class='ocrx_word' id='word_1_42' title='bbox 334 982 432 1059; x_wconf 84' lang='lat' dir='ltr'>dedit,</span> <span class='ocrx_word' id='word_1_43' title='bbox 462 984 498 1046; x_wconf 93' lang='lat' dir='ltr'>ut</span> <span class='ocrx_word' id='word_1_44' title='bbox 526 981 672 1046; x_wconf 88' lang='lat' dir='ltr'>omnibus</span> <span class='ocrx_word' id='word_1_45' title='bbox 700 981 888 1047; x_wconf 87' lang='lat' dir='ltr'>uolatilibus</span> <span class='ocrx_word' id='word_1_46' title='bbox 920 981 995 1046; x_wconf 86' lang='lat' dir='ltr'>feris</span> <span class='ocrx_word' id='word_1_47' title='bbox 1023 982 1135 1052; x_wconf 85' lang='lat' dir='ltr'>bestiis</span> <span class='ocrx_word' id='word_1_48' title='bbox 1163 983 1263 1063; x_wconf 91' lang='lat' dir='ltr'>impe-</span> 
     </span>
     <span class='ocr_line' id='line_1_7' title="bbox 112 1087 1262 1172; baseline 0.001 -21"><span class='ocrx_word' id='word_1_49' title='bbox 112 1088 182 1152; x_wconf 89' lang='lat' dir='ltr'>riali</span> <span class='ocrx_word' id='word_1_50' title='bbox 209 1091 373 1171; x_wconf 81' lang='lat' dir='ltr'>praeesset</span> <span class='ocrx_word' id='word_1_51' title='bbox 400 1087 600 1165; x_wconf 86' lang='lat' dir='ltr'>auctoritate,</span> <span class='ocrx_word' id='word_1_52' title='bbox 630 1088 714 1170; x_wconf 91' lang='lat' dir='ltr'>quod</span> <span class='ocrx_word' id='word_1_53' title='bbox 743 1089 839 1152; x_wconf 89' lang='lat' dir='ltr'>etiam</span> <span class='ocrx_word' id='word_1_54' title='bbox 868 1089 1006 1172; x_wconf 89' lang='lat' dir='ltr'>pecudes</span> <span class='ocrx_word' id='word_1_55' title='bbox 1036 1091 1077 1152; x_wconf 84' lang='lat' dir='ltr'>et&#39;</span> <span class='ocrx_word' id='word_1_56' title='bbox 1095 1107 1262 1170; x_wconf 89' lang='lat' dir='ltr'>quaecum·</span> 
     </span>
     <span class='ocr_line' id='line_1_8' title="bbox 113 1194 1306 1277; baseline -0.001 -20"><span class='ocrx_word' id='word_1_57' title='bbox 113 1214 174 1277; x_wconf 88' lang='lat' dir='ltr'>que</span> <span class='ocrx_word' id='word_1_58' title='bbox 203 1198 291 1260; x_wconf 90' lang='lat' dir='ltr'>erant</span> <span class='ocrx_word' id='word_1_59' title='bbox 318 1194 553 1259; x_wconf 85' lang='lat' dir='ltr'>inrationabilia</span> <span class='ocrx_word' id='word_1_60' title='bbox 581 1197 851 1260; x_wconf 84' lang='lat' dir='ltr'>commorerentur</span> <span class='ocrx_word' id='word_1_61' title='bbox 879 1194 1037 1259; x_wconf 85' lang='lat' dir='ltr'>animalia.</span> <span class='ocrx_word' id='word_1_62' title='bbox 1071 1195 1205 1277; x_wconf 91' lang='lat' dir='ltr'>denique</span> <span class='ocrx_word' id='word_1_63' title='bbox 1235 1194 1306 1257; x_wconf 82' lang='lat' dir='ltr'>sil)</span> 
     </span>
     <span class='ocr_line' id='line_1_9' title="bbox 115 1301 1262 1385; baseline 0.001 -20"><span class='ocrx_word' id='word_1_64' title='bbox 115 1301 239 1383; x_wconf 88' lang='lat' dir='ltr'>quando</span> <span class='ocrx_word' id='word_1_65' title='bbox 273 1305 323 1366; x_wconf 91' lang='lat' dir='ltr'>est</span> <span class='ocrx_word' id='word_1_66' title='bbox 353 1301 539 1383; x_wconf 87' lang='lat' dir='ltr'>pestilentia</span> <span class='ocrx_word' id='word_1_67' title='bbox 571 1306 718 1385; x_wconf 90' lang='lat' dir='ltr'>corrupto</span> <span class='ocrx_word' id='word_1_68' title='bbox 747 1301 828 1366; x_wconf 88' lang='lat' dir='ltr'>caeli</span> <span class='ocrx_word' id='word_1_69' title='bbox 855 1305 972 1379; x_wconf 85' lang='lat' dir='ltr'>tractu,</span> <span class='ocrx_word' id='word_1_70' title='bbox 999 1301 1088 1384; x_wconf 89' lang='lat' dir='ltr'>prius</span> <span class='ocrx_word' id='word_1_71' title='bbox 1117 1321 1153 1366; x_wconf 85' lang='lat' dir='ltr'>ea</span> <span class='ocrx_word' id='word_1_72' title='bbox 1182 1322 1262 1384; x_wconf 88' lang='lat' dir='ltr'>quae</span> 
     </span>
     <span class='ocr_line' id='line_1_10' title="bbox 114 1409 1261 1479; baseline -0.005 -1"><span class='ocrx_word' id='word_1_73' title='bbox 114 1416 190 1479; x_wconf 90' lang='lat' dir='ltr'>sunt</span> <span class='ocrx_word' id='word_1_74' title='bbox 220 1411 455 1476; x_wconf 85' lang='lat' dir='ltr'>inrationabilia</span> <span class='ocrx_word' id='word_1_75' title='bbox 485 1409 556 1474; x_wconf 88' lang='lat' dir='ltr'>lues</span> <span class='ocrx_word' id='word_1_76' title='bbox 594 1409 661 1473; x_wconf 88' lang='lat' dir='ltr'>dira</span> <span class='ocrx_word' id='word_1_77' title='bbox 698 1410 891 1474; x_wconf 89' lang='lat' dir='ltr'>contaminat</span> <span class='ocrx_word' id='word_1_78' title='bbox 929 1411 961 1473; x_wconf 86' lang='lat' dir='ltr'>et</span> <span class='ocrx_word' id='word_1_79' title='bbox 996 1409 1130 1473; x_wconf 83' lang='lat' dir='ltr'>manime</span> <span class='ocrx_word' id='word_1_80' title='bbox 1167 1428 1261 1473; x_wconf 88' lang='lat' dir='ltr'>canes</span> 
     </span>
     <span class='ocr_line' id='line_1_11' title="bbox 70 1516 1263 1602; baseline -0.004 -17"><span class='ocrx_word' id='word_1_81' title='bbox 70 1533 94 1573; x_wconf 91' lang='lat'>¹⁰</span> <span class='ocrx_word' id='word_1_82' title='bbox 114 1539 213 1602; x_wconf 90' lang='lat' dir='ltr'>equos</span> <span class='ocrx_word' id='word_1_83' title='bbox 241 1518 341 1583; x_wconf 93' lang='lat' dir='ltr'>boues</span> <span class='ocrx_word' id='word_1_84' title='bbox 370 1520 465 1600; x_wconf 88' lang='lat' dir='ltr'>atque</span> <span class='ocrx_word' id='word_1_85' title='bbox 490 1536 526 1581; x_wconf 89' lang='lat' dir='ltr'>ea</span> <span class='ocrx_word' id='word_1_86' title='bbox 549 1516 651 1581; x_wconf 89' lang='lat' dir='ltr'>inficit</span> <span class='ocrx_word' id='word_1_87' title='bbox 673 1535 753 1599; x_wconf 88' lang='lat' dir='ltr'>quae</span> <span class='ocrx_word' id='word_1_88' title='bbox 778 1523 851 1580; x_wconf 83' lang='lat' dir='ltr'>e&#39;um</span> <span class='ocrx_word' id='word_1_89' title='bbox 875 1516 1058 1581; x_wconf 91' lang='lat' dir='ltr'>bominibus</span> <span class='ocrx_word' id='word_1_90' title='bbox 1082 1516 1263 1581; x_wconf 84' lang='lat' dir='ltr'>conuersari</span> 
     </span>
     <span class='ocr_line' id='line_1_12' title="bbox 113 1622 1262 1707; baseline -0.003 -17"><span class='ocrx_word' id='word_1_91' title='bbox 113 1626 271 1703; x_wconf 84' lang='lat' dir='ltr'>uidentur,</span> <span class='ocrx_word' id='word_1_92' title='bbox 297 1624 343 1689; x_wconf 90' lang='lat' dir='ltr'>sic</span> <span class='ocrx_word' id='word_1_93' title='bbox 367 1624 469 1688; x_wconf 92' lang='lat' dir='ltr'>morbi</span> <span class='ocrx_word' id='word_1_94' title='bbox 492 1623 543 1688; x_wconf 90' lang='lat' dir='ltr'>uis</span> <span class='ocrx_word' id='word_1_95' title='bbox 568 1623 662 1687; x_wconf 87' lang='lat' dir='ltr'>etiam</span> <span class='ocrx_word' id='word_1_96' title='bbox 688 1642 789 1707; x_wconf 90' lang='lat' dir='ltr'>genus</span> <span class='ocrx_word' id='word_1_97' title='bbox 814 1624 986 1687; x_wconf 90' lang='lat' dir='ltr'>humanum</span> <span class='ocrx_word' id='word_1_98' title='bbox 1010 1622 1151 1705; x_wconf 87' lang='lat' dir='ltr'>inplicat.</span> <span class='ocrx_word' id='word_1_99' title='bbox 1184 1623 1262 1688; x_wconf 89' lang='lat' dir='ltr'>baec</span> 
     </span>
     <span class='ocr_line' id='line_1_13' title="bbox 19 1729 1264 1817; baseline -0.001 -23"><span class='ocrx_word' id='word_1_100' title='bbox 19 1732 65 1795; x_wconf 85' lang='lat'>32</span> <span class='ocrx_word' id='word_1_101' title='bbox 112 1733 211 1817; x_wconf 86' lang='lat' dir='ltr'>igitur</span> <span class='ocrx_word' id='word_1_102' title='bbox 238 1733 340 1815; x_wconf 90' lang='lat' dir='ltr'>prima</span> <span class='ocrx_word' id='word_1_103' title='bbox 372 1751 468 1796; x_wconf 86' lang='lat' dir='ltr'>causa</span> <span class='ocrx_word' id='word_1_104' title='bbox 498 1731 612 1806; x_wconf 81' lang='lat' dir='ltr'>iustae,</span> <span class='ocrx_word' id='word_1_105' title='bbox 646 1733 683 1793; x_wconf 93' lang='lat' dir='ltr'>ut</span> <span class='ocrx_word' id='word_1_106' title='bbox 715 1731 858 1807; x_wconf 73' lang='lat' dir='ltr'>arbitror,</span> <span class='ocrx_word' id='word_1_107' title='bbox 892 1729 1091 1806; x_wconf 71' lang='lat' dir='ltr'>adsertionis</span> <span class='ocrx_word' id='word_1_108' title='bbox 1125 1729 1264 1794; x_wconf 87' lang='lat' dir='ltr'>secunda</span> 
     </span>
     <span class='ocr_line' id='line_1_14' title="bbox 113 1837 1262 1922; baseline -0.002 -19"><span class='ocrx_word' id='word_1_109' title='bbox 113 1839 169 1904; x_wconf 90' lang='lat' dir='ltr'>illa</span> <span class='ocrx_word' id='word_1_110' title='bbox 197 1839 271 1922; x_wconf 92' lang='lat' dir='ltr'>quia</span> <span class='ocrx_word' id='word_1_111' title='bbox 299 1858 391 1903; x_wconf 91' lang='lat' dir='ltr'>nemo</span> <span class='ocrx_word' id='word_1_112' title='bbox 420 1841 550 1902; x_wconf 86' lang='lat' dir='ltr'>accusat</span> <span class='ocrx_word' id='word_1_113' title='bbox 578 1841 721 1902; x_wconf 84' lang='lat' dir='ltr'>naturam</span> <span class='ocrx_word' id='word_1_114' title='bbox 752 1856 808 1901; x_wconf 92' lang='lat' dir='ltr'>cur</span> <span class='ocrx_word' id='word_1_115' title='bbox 834 1837 957 1919; x_wconf 87' lang='lat' dir='ltr'>reliqua</span> <span class='ocrx_word' id='word_1_116' title='bbox 988 1837 1128 1917; x_wconf 88' lang='lat' dir='ltr'>corporis</span> <span class='ocrx_word' id='word_1_117' title='bbox 1162 1837 1262 1901; x_wconf 87' lang='lat' dir='ltr'>nostri</span> 
     </span>
     <span class='ocr_line' id='line_1_15' title="bbox 114 1944 1306 2027; baseline -0.002 -19"><span class='ocrx_word' id='word_1_118' title='bbox 114 1945 254 2010; x_wconf 90' lang='lat' dir='ltr'>membra</span> <span class='ocrx_word' id='word_1_119' title='bbox 276 1945 450 2009; x_wconf 89' lang='lat' dir='ltr'>moriantur</span> <span class='ocrx_word' id='word_1_120' title='bbox 473 1945 540 2010; x_wconf 90' lang='lat' dir='ltr'>solo</span> <span class='ocrx_word' id='word_1_121' title='bbox 565 1944 669 2027; x_wconf 86' lang='lat' dir='ltr'>capite</span> <span class='ocrx_word' id='word_1_122' title='bbox 692 1944 830 2022; x_wconf 83' lang='lat' dir='ltr'>sublato,</span> <span class='ocrx_word' id='word_1_123' title='bbox 855 1963 928 2008; x_wconf 89' lang='lat' dir='ltr'>cum</span> <span class='ocrx_word' id='word_1_124' title='bbox 952 1944 1070 2008; x_wconf 89' lang='lat' dir='ltr'>multos</span> <span class='ocrx_word' id='word_1_125' title='bbox 1094 1944 1260 2008; x_wconf 88' lang='lat' dir='ltr'>uideamus</span> <span class='ocrx_word' id='word_1_126' title='bbox 1283 1947 1306 2003; x_wconf 77' lang='lat' dir='ltr'><strong>E</strong></span> 
     </span>
     <span class='ocr_line' id='line_1_16' title="bbox 68 2050 1261 2135; baseline 0.004 -25"><span class='ocrx_word' id='word_1_127' title='bbox 68 2070 96 2111; x_wconf 82' lang='lat' dir='ltr'>rs</span> <span class='ocrx_word' id='word_1_128' title='bbox 114 2052 288 2135; x_wconf 90' lang='lat' dir='ltr'>amputatis</span> <span class='ocrx_word' id='word_1_129' title='bbox 318 2052 464 2116; x_wconf 89' lang='lat' dir='ltr'>manibus</span> <span class='ocrx_word' id='word_1_130' title='bbox 494 2056 526 2116; x_wconf 92' lang='lat' dir='ltr'>et</span> <span class='ocrx_word' id='word_1_131' title='bbox 553 2052 689 2134; x_wconf 89' lang='lat' dir='ltr'>pedibus</span> <span class='ocrx_word' id='word_1_132' title='bbox 723 2050 936 2133; x_wconf 85' lang='lat' dir='ltr'>superuiuere.</span> <span class='ocrx_word' id='word_1_133' title='bbox 971 2051 1027 2116; x_wconf 91' lang='lat' dir='ltr'>sed</span> <span class='ocrx_word' id='word_1_134' title='bbox 1060 2071 1120 2115; x_wconf 95' lang='lat' dir='ltr'>non</span> <span class='ocrx_word' id='word_1_135' title='bbox 1152 2051 1261 2115; x_wconf 91' lang='lat' dir='ltr'>eadem</span> 
     </span>
     <span class='ocr_line' id='line_1_17' title="bbox 114 2157 1261 2241; baseline 0 -18"><span class='ocrx_word' id='word_1_136' title='bbox 114 2163 289 2224; x_wconf 91' lang='lat' dir='ltr'>ceterorum</span> <span class='ocrx_word' id='word_1_137' title='bbox 319 2158 533 2222; x_wconf 90' lang='lat' dir='ltr'>membrorum</span> <span class='ocrx_word' id='word_1_138' title='bbox 557 2162 608 2223; x_wconf 90' lang='lat' dir='ltr'>est</span> <span class='ocrx_word' id='word_1_139' title='bbox 629 2157 851 2241; x_wconf 89' lang='lat' dir='ltr'>praerogatiua</span> <span class='ocrx_word' id='word_1_140' title='bbox 874 2177 955 2239; x_wconf 91' lang='lat' dir='ltr'>quae</span> <span class='ocrx_word' id='word_1_141' title='bbox 978 2158 1103 2241; x_wconf 84' lang='lat' dir='ltr'>capitis,</span> <span class='ocrx_word' id='word_1_142' title='bbox 1126 2157 1261 2240; x_wconf 90' lang='lat' dir='ltr'>ideoque</span> 
     </span>
     <span class='ocr_line' id='line_1_18' title="bbox 114 2264 1260 2347; baseline -0.003 -16"><span class='ocrx_word' id='word_1_143' title='bbox 114 2266 239 2331; x_wconf 89' lang='lat' dir='ltr'>absciso</span> <span class='ocrx_word' id='word_1_144' title='bbox 269 2285 316 2344; x_wconf 87' lang='lat' dir='ltr'>eo,</span> <span class='ocrx_word' id='word_1_145' title='bbox 346 2264 429 2330; x_wconf 91' lang='lat' dir='ltr'>uode</span> <span class='ocrx_word' id='word_1_146' title='bbox 458 2284 571 2330; x_wconf 88' lang='lat' dir='ltr'>seusus</span> <span class='ocrx_word' id='word_1_147' title='bbox 596 2265 696 2330; x_wconf 88' lang='lat' dir='ltr'>nostri</span> <span class='ocrx_word' id='word_1_148' title='bbox 720 2266 750 2329; x_wconf 91' lang='lat' dir='ltr'>io</span> <span class='ocrx_word' id='word_1_149' title='bbox 774 2264 933 2345; x_wconf 89' lang='lat' dir='ltr'>reliquum</span> <span class='ocrx_word' id='word_1_150' title='bbox 957 2283 1070 2347; x_wconf 88' lang='lat' dir='ltr'>corpus</span> <span class='ocrx_word' id='word_1_151' title='bbox 1093 2265 1260 2346; x_wconf 86' lang='lat' dir='ltr'>prodeunt,</span> 
     </span>
     <span class='ocr_line' id='line_1_19' title="bbox 114 2371 1261 2454; baseline -0.001 -18"><span class='ocrx_word' id='word_1_152' title='bbox 114 2372 363 2437; x_wconf 89' lang='lat' dir='ltr'>commoriuntur</span> <span class='ocrx_word' id='word_1_153' title='bbox 391 2372 486 2435; x_wconf 90' lang='lat' dir='ltr'>etiam</span> <span class='ocrx_word' id='word_1_154' title='bbox 510 2372 652 2435; x_wconf 89' lang='lat' dir='ltr'>membra</span> <span class='ocrx_word' id='word_1_155' title='bbox 675 2371 789 2449; x_wconf 89' lang='lat' dir='ltr'>omnia,</span> <span class='ocrx_word' id='word_1_156' title='bbox 813 2390 870 2436; x_wconf 86' lang='lat' dir='ltr'>nec</span> <span class='ocrx_word' id='word_1_157' title='bbox 893 2371 925 2435; x_wconf 92' lang='lat' dir='ltr'>in</span> <span class='ocrx_word' id='word_1_158' title='bbox 949 2391 985 2436; x_wconf 93' lang='lat' dir='ltr'>eo</span> <span class='ocrx_word' id='word_1_159' title='bbox 1010 2374 1065 2435; x_wconf 90' lang='lat' dir='ltr'>aut</span> <span class='ocrx_word' id='word_1_160' title='bbox 1089 2371 1261 2454; x_wconf 86' lang='lat' dir='ltr'>operatoris</span> 
     </span>
     <span class='ocr_line' id='line_1_20' title="bbox 113 2478 1261 2562; baseline -0.001 -20"><span class='ocrx_word' id='word_1_161' title='bbox 113 2478 312 2562; x_wconf 89' lang='lat' dir='ltr'>prouidentia</span> <span class='ocrx_word' id='word_1_162' title='bbox 349 2478 547 2543; x_wconf 90' lang='lat' dir='ltr'>desideratur</span> <span class='ocrx_word' id='word_1_163' title='bbox 583 2481 639 2542; x_wconf 90' lang='lat' dir='ltr'>aut</span> <span class='ocrx_word' id='word_1_164' title='bbox 676 2478 874 2543; x_wconf 89' lang='lat' dir='ltr'>substantiae</span> <span class='ocrx_word' id='word_1_165' title='bbox 912 2478 1067 2542; x_wconf 89' lang='lat' dir='ltr'>humanae</span> <span class='ocrx_word' id='word_1_166' title='bbox 1104 2478 1261 2561; x_wconf 81' lang='lat' dir='ltr'>fragilitas</span> 
     </span>
     <span class='ocr_line' id='line_1_21' title="bbox 66 2584 1263 2670; baseline -0.001 -22"><span class='ocrx_word' id='word_1_167' title='bbox 66 2604 95 2642; x_wconf 79' lang='lat'>2⁰</span> <span class='ocrx_word' id='word_1_168' title='bbox 114 2586 321 2670; x_wconf 86' lang='lat' dir='ltr'>redarguitur.</span> <span class='ocrx_word' id='word_1_169' title='bbox 352 2585 500 2649; x_wconf 86' lang='lat' dir='ltr'>similiter</span> <span class='ocrx_word' id='word_1_170' title='bbox 529 2604 602 2669; x_wconf 89' lang='lat' dir='ltr'>ergo</span> <span class='ocrx_word' id='word_1_171' title='bbox 631 2604 723 2650; x_wconf 91' lang='lat' dir='ltr'>nemo</span> <span class='ocrx_word' id='word_1_172' title='bbox 752 2604 835 2649; x_wconf 91' lang='lat' dir='ltr'>nunc</span> <span class='ocrx_word' id='word_1_173' title='bbox 864 2588 976 2669; x_wconf 89' lang='lat' dir='ltr'>arguat</span> <span class='ocrx_word' id='word_1_174' title='bbox 1003 2584 1076 2666; x_wconf 88' lang='lat' dir='ltr'>quia</span> <span class='ocrx_word' id='word_1_175' title='bbox 1104 2588 1201 2668; x_wconf 87' lang='lat' dir='ltr'>caput</span> <span class='ocrx_word' id='word_1_176' title='bbox 1231 2587 1263 2649; x_wconf 94' lang='lat' dir='ltr'>et</span> 
     </span>
     <span class='ocr_line' id='line_1_22' title="bbox 113 2691 1261 2775; baseline 0 -20"><span class='ocrx_word' id='word_1_177' title='bbox 113 2692 285 2775; x_wconf 85' lang='lat' dir='ltr'>principale</span> <span class='ocrx_word' id='word_1_178' title='bbox 324 2691 482 2774; x_wconf 91' lang='lat' dir='ltr'>quoddam</span> <span class='ocrx_word' id='word_1_179' title='bbox 520 2695 696 2756; x_wconf 91' lang='lat' dir='ltr'>ceterorum</span> <span class='ocrx_word' id='word_1_180' title='bbox 734 2692 919 2756; x_wconf 89' lang='lat' dir='ltr'>animalium</span> <span class='ocrx_word' id='word_1_181' title='bbox 961 2691 1056 2757; x_wconf 91' lang='lat' dir='ltr'>homo</span> <span class='ocrx_word' id='word_1_182' title='bbox 1099 2695 1157 2769; x_wconf 85' lang='lat' dir='ltr'>est,</span> <span class='ocrx_word' id='word_1_183' title='bbox 1200 2711 1261 2773; x_wconf 90' lang='lat' dir='ltr'>quo</span> 
     </span>
     <span class='ocr_line' id='line_1_23' title="bbox 113 2796 1307 2863; baseline 0.001 -2"><span class='ocrx_word' id='word_1_184' title='bbox 113 2798 266 2863; x_wconf 91' lang='lat' dir='ltr'>moriente</span> <span class='ocrx_word' id='word_1_185' title='bbox 304 2815 365 2862; x_wconf 90' lang='lat' dir='ltr'>non</span> <span class='ocrx_word' id='word_1_186' title='bbox 403 2797 497 2861; x_wconf 95' lang='lat' dir='ltr'>debet</span> <span class='ocrx_word' id='word_1_187' title='bbox 533 2796 649 2861; x_wconf 90' lang='lat' dir='ltr'>mirum</span> <span class='ocrx_word' id='word_1_188' title='bbox 681 2797 784 2861; x_wconf 90' lang='lat' dir='ltr'>uideri</span> <span class='ocrx_word' id='word_1_189' title='bbox 817 2798 844 2861; x_wconf 92' lang='lat' dir='ltr'>si</span> <span class='ocrx_word' id='word_1_190' title='bbox 877 2801 982 2862; x_wconf 88' lang='lat' dir='ltr'>cetera</span> <span class='ocrx_word' id='word_1_191' title='bbox 1015 2798 1307 2862; x_wconf 77' lang='lat' dir='ltr'>commorianturr</span> 
     </span>
     <span class='ocr_line' id='line_1_24' title="bbox 20 2903 1264 2988; baseline 0.001 -21"><span class='ocrx_word' id='word_1_192' title='bbox 20 2915 64 2976; x_wconf 76' lang='lat'>33</span> <span class='ocrx_word' id='word_1_193' title='bbox 113 2905 296 2969; x_wconf 87' lang='lat' dir='ltr'>animantia.</span> <span class='ocrx_word' id='word_1_194' title='bbox 320 2905 450 2969; x_wconf 90' lang='lat' dir='ltr'>tertium</span> <span class='ocrx_word' id='word_1_195' title='bbox 473 2903 553 2968; x_wconf 91' lang='lat' dir='ltr'>illud</span> <span class='ocrx_word' id='word_1_196' title='bbox 578 2907 627 2969; x_wconf 90' lang='lat' dir='ltr'>est</span> <span class='ocrx_word' id='word_1_197' title='bbox 651 2904 724 2986; x_wconf 88' lang='lat' dir='ltr'>quia</span> <span class='ocrx_word' id='word_1_198' title='bbox 748 2904 879 2969; x_wconf 87' lang='lat' dir='ltr'>rationis</span> <span class='ocrx_word' id='word_1_199' title='bbox 898 2905 1036 2986; x_wconf 82' lang='lat' dir='ltr'>expertia</span> <span class='ocrx_word' id='word_1_200' title='bbox 1055 2925 1115 2969; x_wconf 91' lang='lat' dir='ltr'>non</span> <span class='ocrx_word' id='word_1_201' title='bbox 1134 2909 1264 2988; x_wconf 89' lang='lat' dir='ltr'>propter</span> 
     </span>
     <span class='ocr_line' id='line_1_25' title="bbox 113 3012 1261 3096; baseline 0 -21"><span class='ocrx_word' id='word_1_202' title='bbox 113 3031 157 3088; x_wconf 86' lang='lat' dir='ltr'>se,</span> <span class='ocrx_word' id='word_1_203' title='bbox 191 3013 246 3076; x_wconf 89' lang='lat' dir='ltr'>sed</span> <span class='ocrx_word' id='word_1_204' title='bbox 273 3017 402 3096; x_wconf 91' lang='lat' dir='ltr'>propter</span> <span class='ocrx_word' id='word_1_205' title='bbox 432 3012 593 3076; x_wconf 91' lang='lat' dir='ltr'>bominem</span> <span class='ocrx_word' id='word_1_206' title='bbox 626 3015 775 3094; x_wconf 86' lang='lat' dir='ltr'>generata</span> <span class='ocrx_word' id='word_1_207' title='bbox 812 3014 887 3075; x_wconf 90' lang='lat' dir='ltr'>suut</span> <span class='ocrx_word' id='word_1_208' title='bbox 922 3013 1085 3088; x_wconf 88' lang='lat' dir='ltr'>animalia;</span> <span class='ocrx_word' id='word_1_209' title='bbox 1122 3013 1261 3076; x_wconf 88' lang='lat' dir='ltr'>hominis</span> 
     </span>
     <span class='ocr_line' id='line_1_26' title="bbox 65 3118 1261 3201; baseline 0.002 -20"><span class='ocrx_word' id='word_1_210' title='bbox 65 3128 94 3174; x_wconf 73' lang='lat' dir='ltr'>aa</span> <span class='ocrx_word' id='word_1_211' title='bbox 113 3118 195 3182; x_wconf 91' lang='lat' dir='ltr'>enim</span> <span class='ocrx_word' id='word_1_212' title='bbox 229 3138 325 3184; x_wconf 88' lang='lat' dir='ltr'>causa</span> <span class='ocrx_word' id='word_1_213' title='bbox 357 3139 428 3184; x_wconf 90' lang='lat' dir='ltr'>esse</span> <span class='ocrx_word' id='word_1_214' title='bbox 459 3121 627 3201; x_wconf 88' lang='lat' dir='ltr'>praecepta</span> <span class='ocrx_word' id='word_1_215' title='bbox 659 3120 744 3195; x_wconf 84' lang='lat' dir='ltr'>sunt,</span> <span class='ocrx_word' id='word_1_216' title='bbox 777 3123 814 3182; x_wconf 93' lang='lat' dir='ltr'>ut</span> <span class='ocrx_word' id='word_1_217' title='bbox 847 3137 954 3183; x_wconf 92' lang='lat' dir='ltr'>eorum</span> <span class='ocrx_word' id='word_1_218' title='bbox 979 3118 1176 3184; x_wconf 90' lang='lat' dir='ltr'>subiectione</span> <span class='ocrx_word' id='word_1_219' title='bbox 1204 3119 1261 3183; x_wconf 94' lang='lat' dir='ltr'>hu·</span> 
     </span>
     <span class='ocr_line' id='line_1_27' title="bbox 112 3224 1263 3309; baseline 0 -20"><span class='ocrx_word' id='word_1_220' title='bbox 112 3244 204 3289; x_wconf 86' lang='lat' dir='ltr'>mana</span> <span class='ocrx_word' id='word_1_221' title='bbox 226 3228 404 3308; x_wconf 87' lang='lat' dir='ltr'>praestaret</span> <span class='ocrx_word' id='word_1_222' title='bbox 427 3225 581 3290; x_wconf 89' lang='lat' dir='ltr'>condicio.</span> <span class='ocrx_word' id='word_1_223' title='bbox 616 3224 750 3308; x_wconf 88' lang='lat' dir='ltr'>denique</span> <span class='ocrx_word' id='word_1_224' title='bbox 784 3225 903 3309; x_wconf 87' lang='lat' dir='ltr'>gratiae</span> <span class='ocrx_word' id='word_1_225' title='bbox 937 3225 1074 3288; x_wconf 89' lang='lat' dir='ltr'>hominis</span> <span class='ocrx_word' id='word_1_226' title='bbox 1108 3225 1263 3290; x_wconf 90' lang='lat' dir='ltr'>adtribuit</span> 
     </span>
     <span class='ocr_line' id='line_1_28' title="bbox 114 3331 1260 3415; baseline -0.001 -18"><span class='ocrx_word' id='word_1_227' title='bbox 114 3333 269 3415; x_wconf 88' lang='lat' dir='ltr'>propbeta</span> <span class='ocrx_word' id='word_1_228' title='bbox 298 3332 420 3396; x_wconf 89' lang='lat' dir='ltr'>diceus:</span> <span class='ocrx_word' id='word_1_229' title='bbox 450 3332 581 3396; x_wconf 92' lang='lat' dir='ltr'>omnia</span> <span class='ocrx_word' id='word_1_230' title='bbox 610 3331 834 3397; x_wconf 88' lang='lat' dir='ltr'>subiecisti</span> <span class='ocrx_word' id='word_1_231' title='bbox 863 3332 935 3396; x_wconf 88' lang='lat' dir='ltr'>sub</span> <span class='ocrx_word' id='word_1_232' title='bbox 962 3332 1135 3414; x_wconf 89' lang='lat' dir='ltr'>pedibus</span> <span class='ocrx_word' id='word_1_233' title='bbox 1161 3332 1260 3409; x_wconf 86' lang='lat' dir='ltr'>eius,</span> 
     </span>
    </p>
   </div>
   <div class='ocr_carea' id='block_1_3' title="bbox 112 3574 1259 3718">
    <p class='ocr_par' dir='ltr' id='par_1_3' title="bbox 112 3574 1259 3718">
     <span class='ocr_line' id='line_1_29' title="bbox 202 3574 1259 3644; baseline -0.001 -15"><span class='ocrx_word' id='word_1_234' title='bbox 202 3576 218 3629; x_wconf 89' lang='lat'>8</span> <span class='ocrx_word' id='word_1_235' title='bbox 237 3574 319 3644; x_wconf 86' lang='lat' dir='ltr'>Uerg.</span> <span class='ocrx_word' id='word_1_236' title='bbox 339 3576 406 3630; x_wconf 76' lang='lat' dir='ltr'>Aen.</span> <span class='ocrx_word' id='word_1_237' title='bbox 425 3574 467 3628; x_wconf 94' lang='lat' dir='ltr'>Ill</span> <span class='ocrx_word' id='word_1_238' title='bbox 489 3575 539 3629; x_wconf 87' lang='grc'>138</span> <span class='ocrx_word' id='word_1_239' title='bbox 559 3592 598 3643; x_wconf 85' lang='lat' dir='ltr'>sq.</span> <span class='ocrx_word' id='word_1_240' title='bbox 655 3576 671 3627; x_wconf 91' lang='lat'><strong>9</strong></span> <span class='ocrx_word' id='word_1_241' title='bbox 690 3574 722 3629; x_wconf 87' lang='lat' dir='ltr'>Il.</span> <span class='ocrx_word' id='word_1_242' title='bbox 742 3574 805 3628; x_wconf 84' lang='lat'>150</span> <span class='ocrx_word' id='word_1_243' title='bbox 821 3574 909 3643; x_wconf 65' lang='lat' dir='ltr'>(Lucr.</span> <span class='ocrx_word' id='word_1_244' title='bbox 925 3574 962 3626; x_wconf 86' lang='lat' dir='ltr'>Vl</span> <span class='ocrx_word' id='word_1_245' title='bbox 979 3574 1060 3640; x_wconf 75' lang='lat'>1222)</span> <span class='ocrx_word' id='word_1_246' title='bbox 1112 3576 1145 3628; x_wconf 77' lang='grc'>27</span> <span class='ocrx_word' id='word_1_247' title='bbox 1162 3575 1259 3628; x_wconf 88' lang='lat' dir='ltr'>Psalm.</span> 
     </span>
     <span class='ocr_line' id='line_1_30' title="bbox 112 3663 267 3718; baseline 0.006 -2"><span class='ocrx_word' id='word_1_248' title='bbox 112 3663 178 3717; x_wconf 89' lang='lat' dir='ltr'>VIII</span> <span class='ocrx_word' id='word_1_249' title='bbox 199 3665 267 3718; x_wconf 83' lang='grc'>7-9</span> 
     </span>
    </p>
   </div>
   <div class='ocr_carea' id='block_1_4' title="bbox 113 3786 1264 4123">
    <p class='ocr_par' dir='ltr' id='par_1_4' title="bbox 113 3786 1264 4123">
     <span class='ocr_line' id='line_1_31' title="bbox 148 3786 1260 3854; baseline -0.001 -13"><span class='ocrx_word' id='word_1_250' title='bbox 148 3791 164 3841; x_wconf 79' lang='lat'>5</span> <span class='ocrx_word' id='word_1_251' title='bbox 184 3787 342 3841; x_wconf 84' lang='lat' dir='ltr'>natatilibus</span> <span class='ocrx_word' id='word_1_252' title='bbox 362 3787 389 3839; x_wconf 93' lang='lat' dir='ltr'><strong><em>P</em></strong></span> <span class='ocrx_word' id='word_1_253' title='bbox 407 3791 433 3853; x_wconf 83' lang='lat' dir='ltr'>(o</span> <span class='ocrx_word' id='word_1_254' title='bbox 452 3803 473 3840; x_wconf 84' lang='lat' dir='ltr'>s.</span> <span class='ocrx_word' id='word_1_255' title='bbox 495 3803 570 3854; x_wconf 82' lang='lat' dir='ltr'>apr.</span> <span class='ocrx_word' id='word_1_256' title='bbox 591 3790 648 3852; x_wconf 80' lang='lat' dir='ltr'>m2)</span> <span class='ocrx_word' id='word_1_257' title='bbox 699 3790 714 3841; x_wconf 85' lang='grc'>6</span> <span class='ocrx_word' id='word_1_258' title='bbox 735 3786 928 3839; x_wconf 82' lang='lat' dir='ltr'>auctorItatem</span> <span class='ocrx_word' id='word_1_259' title='bbox 946 3786 973 3838; x_wconf 89' lang='lat' dir='ltr'><em>P</em></span> <span class='ocrx_word' id='word_1_260' title='bbox 991 3791 1029 3848; x_wconf 89' lang='lat' dir='ltr'>(m</span> <span class='ocrx_word' id='word_1_261' title='bbox 1049 3791 1131 3849; x_wconf 77' lang='lat' dir='ltr'>eros.)</span> <span class='ocrx_word' id='word_1_262' title='bbox 1185 3789 1214 3840; x_wconf 93' lang='lat' dir='ltr'>ll</span> <span class='ocrx_word' id='word_1_263' title='bbox 1233 3791 1260 3840; x_wconf 82' lang='lat' dir='ltr'>et</span> 
     </span>
     <span class='ocr_line' id='line_1_32' title="bbox 113 3875 1262 3945; baseline -0.002 -15"><span class='ocrx_word' id='word_1_264' title='bbox 113 3877 151 3930; x_wconf 85' lang='lat' dir='ltr'>sic</span> <span class='ocrx_word' id='word_1_265' title='bbox 174 3877 205 3930; x_wconf 69' lang='lat' dir='ltr'><em>P</em></span> <span class='ocrx_word' id='word_1_266' title='bbox 279 3875 464 3930; x_wconf 81' lang='lat' dir='ltr'>homiuumT</span> <span class='ocrx_word' id='word_1_267' title='bbox 535 3876 682 3929; x_wconf 88' lang='lat' dir='ltr'>humanum</span> <span class='ocrx_word' id='word_1_268' title='bbox 701 3875 816 3945; x_wconf 87' lang='lat' dir='ltr'>inplicat</span> <span class='ocrx_word' id='word_1_269' title='bbox 835 3875 1132 3944; x_wconf 74' lang='lat' dir='ltr'>exhumanuplicatP</span> <span class='ocrx_word' id='word_1_270' title='bbox 1182 3876 1214 3928; x_wconf 85' lang='lat'>12</span> <span class='ocrx_word' id='word_1_271' title='bbox 1231 3881 1262 3928; x_wconf 90' lang='lat' dir='ltr'>ut</span> 
     </span>
     <span class='ocr_line' id='line_1_33' title="bbox 113 3963 1264 4035; baseline -0.003 -15"><span class='ocrx_word' id='word_1_272' title='bbox 113 3968 229 4020; x_wconf 75' lang='lat' dir='ltr'>arbItror</span> <span class='ocrx_word' id='word_1_273' title='bbox 247 3967 335 4019; x_wconf 87' lang='lat' dir='ltr'>iustae</span> <span class='ocrx_word' id='word_1_274' title='bbox 353 3964 384 4019; x_wconf 89' lang='lat' dir='ltr'><em>N</em></span> <span class='ocrx_word' id='word_1_275' title='bbox 458 3966 488 4019; x_wconf 88' lang='lat'>13</span> <span class='ocrx_word' id='word_1_276' title='bbox 508 3967 596 4019; x_wconf 89' lang='lat' dir='ltr'>nostri</span> <span class='ocrx_word' id='word_1_277' title='bbox 616 3965 734 4035; x_wconf 84' lang='lat' dir='ltr'>corporis</span> <span class='ocrx_word' id='word_1_278' title='bbox 753 3963 786 4016; x_wconf 91' lang='lat' dir='ltr'><em>N</em></span> <span class='ocrx_word' id='word_1_279' title='bbox 852 3966 885 4018; x_wconf 80' lang='lat'>15</span> <span class='ocrx_word' id='word_1_280' title='bbox 904 3964 1021 4034; x_wconf 89' lang='lat' dir='ltr'>pedibus</span> <span class='ocrx_word' id='word_1_281' title='bbox 1042 3969 1070 4017; x_wconf 86' lang='lat' dir='ltr'>et</span> <span class='ocrx_word' id='word_1_282' title='bbox 1089 3963 1212 4017; x_wconf 87' lang='lat' dir='ltr'>manibus</span> <span class='ocrx_word' id='word_1_283' title='bbox 1232 3963 1264 4016; x_wconf 90' lang='lat' dir='ltr'><em>N</em></span> 
     </span>
     <span class='ocr_line' id='line_1_34' title="bbox 114 4052 1260 4123; baseline -0.004 -14"><span class='ocrx_word' id='word_1_284' title='bbox 114 4058 146 4110; x_wconf 83' lang='lat'>16</span> <span class='ocrx_word' id='word_1_285' title='bbox 165 4056 226 4110; x_wconf 90' lang='lat' dir='ltr'>ideo</span> <span class='ocrx_word' id='word_1_286' title='bbox 247 4060 309 4122; x_wconf 89' lang='lat' dir='ltr'>(om.</span> <span class='ocrx_word' id='word_1_287' title='bbox 330 4053 440 4123; x_wconf 86' lang='lat' dir='ltr'>que)B</span> <span class='ocrx_word' id='word_1_288' title='bbox 496 4055 528 4108; x_wconf 79' lang='lat'>18</span> <span class='ocrx_word' id='word_1_289' title='bbox 547 4053 749 4107; x_wconf 85' lang='lat' dir='ltr'>moriunturN</span> <span class='ocrx_word' id='word_1_290' title='bbox 819 4052 1091 4106; x_wconf 74' lang='lat' dir='ltr'>omniamembrall&#39;</span> <span class='ocrx_word' id='word_1_291' title='bbox 1142 4055 1173 4106; x_wconf 87' lang='grc'>19</span> <span class='ocrx_word' id='word_1_292' title='bbox 1190 4053 1260 4106; x_wconf 84' lang='lat' dir='ltr'>desi·</span> 
     </span>
    </p>
   </div>
   <div class='ocr_carea' id='block_1_5' title="bbox 112 4135 1260 4328">
    <p class='ocr_par' dir='ltr' id='par_1_5' title="bbox 112 4135 1260 4328">
     <span class='ocr_line' id='line_1_35' title="bbox 112 4135 1260 4239; baseline -0.003 -14"><span class='ocrx_word' id='word_1_293' title='bbox 112 4171 222 4225; x_wconf 82' lang='lat' dir='ltr'>deretur</span> <span class='ocrx_word' id='word_1_294' title='bbox 249 4172 349 4239; x_wconf 79' lang='lat' dir='ltr'>scripsi</span> <span class='ocrx_word' id='word_1_295' title='bbox 372 4168 541 4223; x_wconf 86' lang='lat' dir='ltr'>desiderator</span> <span class='ocrx_word' id='word_1_296' title='bbox 568 4170 592 4222; x_wconf 88' lang='lat' dir='ltr'><em>T</em></span> <span class='ocrx_word' id='word_1_297' title='bbox 615 4135 779 4234; x_wconf 62' lang='lat' dir='ltr'>dese-erutor</span> <span class='ocrx_word' id='word_1_298' title='bbox 798 4169 825 4222; x_wconf 94' lang='lat' dir='ltr'><strong><em>P</em></strong></span> <span class='ocrx_word' id='word_1_299' title='bbox 848 4167 981 4223; x_wconf 87' lang='lat' dir='ltr'>deseritur</span> <span class='ocrx_word' id='word_1_300' title='bbox 1004 4169 1034 4221; x_wconf 79' lang='lat' dir='ltr'>T‘</span> <span class='ocrx_word' id='word_1_301' title='bbox 1061 4169 1079 4232; x_wconf 81' lang='lat' dir='ltr'>ri</span> <span class='ocrx_word' id='word_1_302' title='bbox 1103 4185 1135 4223; x_wconf 79' lang='lat' dir='ltr'>ea</span> <span class='ocrx_word' id='word_1_303' title='bbox 1158 4178 1183 4234; x_wconf 87' lang='lat' dir='ltr'>a)</span> <span class='ocrx_word' id='word_1_304' title='bbox 1205 4168 1260 4222; x_wconf 88' lang='lat' dir='ltr'>NB</span> 
     </span>
     <span class='ocr_line' id='line_1_36' title="bbox 112 4259 781 4328; baseline -0.003 -14"><span class='ocrx_word' id='word_1_305' title='bbox 112 4263 146 4314; x_wconf 80' lang='lat'>23</span> <span class='ocrx_word' id='word_1_306' title='bbox 167 4260 295 4314; x_wconf 85' lang='lat' dir='ltr'>animalia</span> <span class='ocrx_word' id='word_1_307' title='bbox 313 4259 372 4312; x_wconf 86' lang='lat' dir='ltr'>NB</span> <span class='ocrx_word' id='word_1_308' title='bbox 426 4260 460 4312; x_wconf 75' lang='lat'>25</span> <span class='ocrx_word' id='word_1_309' title='bbox 480 4259 551 4312; x_wconf 90' lang='lat' dir='ltr'>enim</span> <span class='ocrx_word' id='word_1_310' title='bbox 570 4259 598 4312; x_wconf 93' lang='lat' dir='ltr'><strong><em>P</em></strong></span> <span class='ocrx_word' id='word_1_311' title='bbox 614 4259 643 4328; x_wconf 79' lang='lat' dir='ltr'>(n</span> <span class='ocrx_word' id='word_1_312' title='bbox 662 4260 693 4312; x_wconf 84' lang='lat' dir='ltr'>iu</span> <span class='ocrx_word' id='word_1_313' title='bbox 712 4263 781 4322; x_wconf 69' lang='lat' dir='ltr'>ros.)</span> 
     </span>
    </p>
   </div>
   <div class='ocr_carea' id='block_1_6' title="bbox 139 4365 1224 4436">
    <p class='ocr_par' dir='ltr' id='par_1_6' title="bbox 139 4365 1224 4436">
     <span class='ocr_line' id='line_1_37' title="bbox 139 4365 1224 4436; baseline -0.008 -11"><span class='ocrx_word' id='word_1_314' title='bbox 139 4387 232 4426; x_wconf 80' lang='lat' dir='ltr'>xxxii.</span> <span class='ocrx_word' id='word_1_315' title='bbox 247 4387 325 4427; x_wconf 70' lang='lat' dir='ltr'>nune.</span> <span class='ocrx_word' id='word_1_316' title='bbox 336 4395 389 4436; x_wconf 77' lang='lat' dir='ltr'>pm</span> <span class='ocrx_word' id='word_1_317' title='bbox 400 4388 420 4433; x_wconf 78' lang='grc' dir='ltr'>ι,</span> <span class='ocrx_word' id='word_1_318' title='bbox 434 4381 490 4426; x_wconf 70' lang='lat' dir='ltr'>fue.</span> <span class='ocrx_word' id='word_1_319' title='bbox 506 4387 527 4426; x_wconf 87' lang='lat'>1.</span> <span class='ocrx_word' id='word_1_320' title='bbox 1190 4365 1224 4417; x_wconf 80' lang='lat'>28</span> 
     </span>
    </p>
   </div>
   <div class='ocr_carea' id='block_1_7' title="bbox 0 0 1425 4822">
    <p class='ocr_par' dir='ltr' id='par_1_7' title="bbox 0 0 1425 4822">
     <span class='ocr_line' id='line_1_38' title="bbox 0 0 1425 4822; baseline 0 0"><span class='ocrx_word' id='word_1_321' title='bbox 0 0 1425 4822; x_wconf 95' lang='lat' dir='ltr'> </span> 
     </span>
    </p>
   </div>
  </div>
 </body>
</html>
