2836 4822
471 327 512 380 De
531 324 590 380 Noe
610 326 635 390 3,
651 326 734 380 6-ib
765 326 789 396 (I
809 327 861 380 229
874 325 989 381 D-230
1008 325 1048 391 C).
1256 332 1322 399 417

176 525 317 591 declarat
344 524 423 589 deus
452 523 573 587 dicens:
609 542 681 587 non
712 522 967 605 permanebit
1000 523 1179 606 spiritns
1213 544 1325 591 meua

89 620 93 627 ¹
175 632 213 698 in
243 631 492 707 hominibus,
524 628 618 713 quia
646 648 788 694 carnes
817 633 921 694 sunt.
950 628 1082 713 spiritus
1107 634 1237 696 sanctus
1261 632 1326 716 spi·

174 739 256 804 ritus
271 736 446 820 sapientiae
461 739 520 814 est,
541 735 673 820 spiritus
693 735 894 819 cognitionis.
915 736 1011 800 habet
1030 755 1104 821 ergo
1125 738 1326 820 sapientiam,

175 845 327 911 habet-et
350 843 562 926 disciplinam,
591 841 676 907 siout
700 846 733 907 et
756 841 794 906 de
817 843 972 920 Beseleel,
997 843 1051 925 qui
1076 863 1200 908 sacrum
1224 845 1325 911 taber·

147 952 325 1018 suaculum
354 949 462 1014 diuino
492 949 620 1013 oraculo
648 948 758 1013 iussus
788 953 837 1013 est
864 950 977 1026 facere,
1002 950 1047 1015 ait
1070 950 1228 1033 scriptura
1251 951 1327 1034 qnia

177 1059 318 1140 repletus
343 1061 393 1122 est
416 1055 531 1139 spiritu
555 1054 798 1138 prudentiae
824 1061 863 1120 et
886 1055 1146 1138 disciplinae.
1173 1057 1225 1122 hio
1249 1078 1324 1143 ergo

85 1186 90 1195 ·
178 1165 309 1248 spiritus
330 1163 423 1228 datur
442 1162 635 1240 hominibus,
656 1162 791 1227 sednon
812 1165 986 1245 permanet.
1006 1184 1069 1246 qua
1082 1165 1202 1229 ratione
1218 1167 1324 1229 autem

177 1290 238 1336 non
271 1271 454 1352 permaneat
486 1286 583 1332 eausa
609 1267 754 1349 proditur
781 1268 856 1350 quia
884 1288 955 1333 caro
985 1273 1074 1344 sunt;
1109 1271 1209 1334 carnia
1240 1271 1366 1335 enimc

176 1379 288 1441 natura
317 1375 503 1457 disciplinae
530 1381 697 1456 repugnat,
727 1374 801 1456 qnia
824 1375 983 1457 uoluptati
1008 1379 1214 1459 optemperat.
1239 1377 1325 1442 deni·

11 1482 30 1501 ·'
51 1466 59 1499 ⁵
133 1509 158 1544 10
178 1503 238 1567 qne
262 1482 300 1547 de
325 1482 393 1547 solo
418 1481 544 1546 domino
568 1480 642 1545 lesu
667 1481 821 1565 scriptum
847 1485 909 1546 est:
938 1501 1058 1565 super
1082 1503 1195 1565 quem
1219 1485 1325 1550 uide-

66 1630 71 1639 ·
177 1591 233 1654 ris
262 1589 457 1671 spiritum
486 1587 797 1652 descendentem
829 1587 873 1653 de
898 1590 1011 1654 caelo
1037 1593 1075 1654 et
1098 1595 1323 1656 manentem

179 1715 300 1778 super
328 1715 429 1770 eum,
459 1694 523 1758 hio
549 1698 611 1759 est
635 1695 702 1777 qui
725 1695 913 1778 baptizat
937 1696 1089 1778 spiritu
1114 1700 1265 1764 sancto.
1290 1697 1323 1761 in

178 1824 214 1869 eo
239 1803 323 1868 enim
346 1801 495 1867 manebat
518 1822 612 1883 quem
636 1803 724 1866 nulla
743 1803 939 1885 corruptelae
959 1803 1092 1867 carnalis
1111 1804 1326 1885 inpedimenta

177 1909 379 1985 reuocabant,
404 1909 572 1991 quominus
596 1908 797 1992 incorruptae
821 1914 853 1974 et
876 1909 1082 1991 inpermixtoe
1111 1909 1250 1974 ordinem
1278 1909 1324 1974 di·

135 2039 159 2076 ra
179 2016 330 2100 seiplinae
352 2019 475 2080 teneret
499 2015 590 2079 cuius
615 2034 686 2080 caro
711 2034 770 2079 non
795 2015 877 2079 uidit
900 2015 1144 2098 corruptionem.

20 2556 24 2563 -
87 2506 122 2575 ⁷⁶
220 2518 282 2584 Per·
303 2538 403 2584 unum
426 2519 526 2604 igitur
548 2521 711 2585 dominum
735 2522 842 2586 lesum
866 2522 953 2586 salus
977 2526 1112 2587 uentura
1141 2521 1322 2586 nationibus
1342 2529 1396 2584 278

177 2626 364 2704 declaratur,
393 2626 447 2708 qui
475 2627 563 2692 solus
592 2648 651 2693 non
681 2628 788 2711 potuit
815 2629 921 2692 iustus
950 2648 1030 2699 esse,
1060 2648 1132 2693 cum
1162 2628 1323 2713 generatio

178 2732 280 2796 omnis
312 2737 438 2809 erraret,
471 2733 533 2798 uisi
565 2738 659 2799 natus
693 2754 728 2798 ea
760 2734 885 2818 uirgine
923 2735 1134 2818 generationis
1172 2734 1324 2800 obnoxiae

175 2837 342 2924 priuilegio
366 2840 496 2904 minime
520 2844 690 2907 teneretur.
718 2860 809 2906 ecce
832 2842 937 2924 inquit
960 2842 996 2906 in
1020 2842 1323 2926 iniquitatibus

132 2948 402 3028 roconoeptus
435 2964 536 3023 sum,
571 2950 608 3011 et
638 2946 676 3010 in
711 2946 882 3010 delictis
916 2948 1078 3030 peperit
1109 2968 1166 3012 me
1194 2953 1323 3012 mater

174 3070 258 3116 mea
292 3051 371 3116 dicit
397 3051 425 3115 is
450 3052 504 3134 qui
528 3053 635 3117 iustus
659 3071 733 3135 prae
758 3054 871 3117 ceteris
894 3055 1075 3136 putabatur.
1105 3073 1199 3136 quern
1222 3054 1323 3138 igitur

264 3226 277 3279 1
298 3223 364 3280 Gen.
385 3227 411 3288 6,
430 3227 447 3280 3
465 3226 544 3280 Philo
566 3226 677 3291 Quaest.
697 3226 710 3279 Ι
729 3227 763 3281 90
829 3228 844 3281 5
864 3226 947 3282 Erod.
967 3229 1010 3289 31,
1031 3229 1047 3282 3
1113 3229 1221 3282 101011.
1243 3230 1266 3293 l,
1286 3230 1321 3284 33

177 3314 207 3367 19
225 3314 325 3368 Psalm.
344 3314 367 3368 L
387 3317 402 3368 7

208 3437 224 3490 2
249 3453 342 3491 carnes
364 3438 392 3491 P
414 3443 453 3503 (er
478 3453 511 3491 aa
534 3440 557 3492 is
581 3442 639 3503 m2)
664 3455 724 3492 caro
749 3439 778 3493 N
869 3442 887 3493 4
909 3439 1047 3494 beselehel
1074 3441 1097 3493 Y
1098 3444 1105 3467 ¹
1129 3440 1157 3508 ph
1181 3457 1202 3495 a.
1227 3445 1267 3507 u.)
1292 3440 1323 3495 N

173 3513 301 3596 dspsT
344 3527 444 3595 8qnia
462 3527 493 3579 in
511 3543 567 3579 rae.
587 3528 614 3580 B
661 3528 694 3580 14
714 3533 779 3581 ante
798 3527 918 3582 ordinem
938 3528 1003 3581 odd.
1023 3529 1049 3590 rin
1069 3530 1103 3594 P,
1122 3529 1197 3597 quod
1211 3546 1321 3582 erasum

202 3622 268 3684 post
285 3633 313 3670 u.
334 3619 368 3669 15
387 3618 418 3669 o'u
444 3616 591 3684 archetypo
610 3615 710 3668 eccidit
727 3616 835 3682 folium,
856 3617 934 3670 cuius
953 3623 1061 3685 portem
1080 3618 1206 3670 armauit
1224 3617 1320 3685 Aaou

171 3705 261 3759 atinus
283 3705 390 3759 duobus
413 3705 487 3770 locis,
511 3711 609 3758 contra
633 3704 705 3757 duas
728 3705 804 3772 epist.
829 3705 923 3774 Polap.
944 3706 1072 3766 111111.
1092 3709 1132 3760 29
1151 3705 1250 3770 (uerba
1269 3705 1321 3759 Per

172 3810 253 3846 unum
264 3836 270 3848 .
282 3796 438 3858 ..teneautl
460 3799 484 3847 et
503 3799 600 3846 contra
619 3793 675 3845 rur.
695 3792 790 3860 Peleu.
811 3793 849 3846 ΙΙ
860 3797 887 3853 2,
905 3797 921 3847 4
938 3795 1041 3859 (locum
1057 3798 1163 3859 totum).
1178 3795 1261 3862 prius
1275 3811 1319 3848 ex·

172 3881 438 3950 repromitterem
450 3882 567 3935 alterum
578 3882 670 3935 littera
682 3883 716 3933 A‘
730 3883 894 3950 etproillcalro
933 3884 965 3937 16
980 3885 1064 3953 igitur
1078 3901 1130 3938 om.
1145 3885 1180 3935 A'
1219 3885 1250 3938 17
1266 3900 1320 3936 non

171 3970 241 4024 liber
261 3970 459 4034 Floriacmsia,
483 3986 534 4023 om.
559 3969 637 4023 codd.
662 3977 709 4022 cet.
728 3971 755 4023 A
775 3977 799 4024 ιι
819 3973 869 4038 Α’;
892 3973 926 4038 cs.
951 3974 1124 4042 Aropaostinus
1147 3979 1245 4026 contra
1268 3987 1317 4026 sec.

170 4059 226 4113 Iul.
246 4076 314 4128 resp.
334 4061 356 4113 I
374 4064 419 4123 66,
440 4076 492 4129 quo
513 4062 571 4115 loco
591 4060 658 4113 irasc
676 4077 709 4114 aa
728 4061 799 4116 libro
818 4062 851 4115 de
869 4062 930 4116 Noe
944 4064 1066 4131 profert:
1091 4061 1224 4132 quomodo
1245 4061 1320 4114 solus

169 4150 261 4219 potuit
279 4149 367 4203 iustus
388 4167 455 4212 esse,
476 4167 535 4204 cunr
555 4151 696 4219 generatio
716 4152 802 4203 omnis
829 4157 939 4213 erraret,
959 4153 1011 4206 nisi
1031 4148 1319 4205 natus...teueretnr?

173 4237 205 4291 18
225 4247 326 4292 erraret
341 4256 395 4292 non
411 4239 444 4291 ob
460 4238 534 4293 aliud
549 4240 601 4292 uisi
618 4239 681 4308 quia
696 4242 774 4292 natus
790 4241 856 4295 libri
870 4241 984 4309 quidem
996 4241 1103 4296 Gallici
1116 4241 1142 4293 A
1157 4239 1322 4308 interpolati

198 4362 291 4403 xxm.
308 4364 385 4405 Amor.
402 4376 453 4414 pare
470 4369 488 4413 1,
503 4363 559 4407 iaec.
576 4368 596 4406 1.
1249 4346 1282 4399 27
