2836 4822
146 339 213 402 388
630 336 830 390 Ambrosii
1029 335 1031 338 ⁴

146 532 314 607 numerari,
348 532 433 596 sicut
465 531 618 614 scripturn
653 536 715 596 est:
752 533 920 612 domine,
954 533 1121 615 posside
1150 553 1232 599 nos.
1262 555 1301 599 ea

147 643 196 704 est
229 640 311 704 enim
345 640 415 704 sola
445 640 618 722 possessio,
653 659 732 723 quae
762 640 859 704 nullis
889 641 1021 705 obnoxia
1048 641 1299 724 tempestatibus

146 750 316 830 perpetuae
345 747 465 831 gratiae
492 748 573 811 ferat
600 747 734 813 fructus.
768 748 949 830 redemptor
975 749 1104 812 Leuites
1133 750 1192 825 est,
1224 749 1299 830 quia

147 854 197 918 uir
225 855 349 936 saplens
378 854 553 936 redemptio
582 854 760 938 insipientis
790 857 849 932 est,
882 855 937 937 qui
966 859 1127 937 tamquam
1150 855 1296 920 medicus
1363 859 1384 911 B

147 980 276 1044 aegrum
301 960 480 1043 insipientis
506 961 646 1026 animum
669 962 759 1025 fouet
783 964 816 1026 et
835 961 989 1044 quaedam
1010 962 1171 1047 adspergit
1191 962 1299 1027 solidi·
1328 990 1341 1028 s

147 1066 194 1131 ori
226 1066 324 1130 menti
357 1067 542 1148 prudentiae
575 1068 805 1132 medicamenta
834 1068 978 1132 imitatus
1006 1068 1097 1133 illum
1128 1068 1297 1144 medicum,

148 1173 202 1255 qui
227 1174 265 1237 de
290 1174 377 1238 caelo
397 1173 496 1252 uenit,
515 1178 553 1237 ut
572 1174 803 1239 demonstraret
821 1174 1003 1240 hominibus
1022 1175 1208 1258 prudentiae
1227 1176 1297 1240 uias

148 1284 180 1344 et
209 1281 383 1362 sapientiae
416 1281 546 1345 semitas
576 1281 719 1364 paruulis
747 1282 913 1346 reuelaret,
945 1282 1076 1346 uidebat
1105 1282 1187 1346 enim
1212 1282 1298 1347 labo·

147 1391 251 1452 rantes
284 1407 345 1451 nou
378 1407 472 1470 posse
506 1389 573 1451 sine
606 1388 744 1453 remedio
778 1389 895 1453 saluari
933 1393 965 1454 et
1000 1389 1071 1453 ideo
1109 1389 1297 1453 medicinam

148 1494 308 1558 tribuebat
332 1494 446 1577 aegris,
470 1494 541 1559 ideo
566 1495 712 1560 omnibus
738 1516 829 1578 opem
854 1496 1000 1560 sanitatis
1026 1496 1151 1572 detulit,
1172 1499 1211 1560 ut
1230 1496 1297 1578 qui·
1317 1522 1342 1560 ιο

148 1621 284 1684 cumque
308 1603 437 1686 perierit
458 1603 570 1666 mortis
596 1622 671 1667 suae
696 1622 808 1667 causas
833 1602 895 1666 sihi
919 1603 1088 1679 adscribat,
1118 1603 1171 1684 qui
1197 1603 1299 1667 curari

121 1709 260 1786 noluit,
295 1729 365 1774 cum
400 1710 575 1775 remedium
609 1710 740 1774 haberet
774 1729 835 1792 quo
863 1712 975 1792 posset
1003 1709 1147 1788 euadere,
1178 1709 1297 1774 Christi
1366 1712 1384 1764 l·

148 1818 255 1879 autem
286 1816 456 1880 manifesta
483 1816 513 1878 in
543 1835 651 1880 omnes
679 1816 878 1897 praedicetur
901 1815 1128 1889 misericordia,
1152 1834 1189 1880 eo
1214 1815 1297 1898 quod

147 1920 171 1984 ii
195 1922 249 2002 qui
278 1926 412 2003 pereunt
443 1942 500 1987 sua
529 1927 661 2005 pereant
687 1923 898 2006 neglegentia,
924 1923 977 2004 qui
1003 1926 1108 1986 autem
1134 1923 1299 1987 saluaatur

149 2027 325 2092 secundum
355 2026 474 2093 Christi
503 2029 692 2093 sententiam
719 2029 903 2105 liberentur,
933 2029 987 2110 qui
1016 2047 1125 2092 omnes
1153 2028 1296 2093 homines
1318 2057 1343 2093 is

148 2135 221 2199 nult
253 2136 361 2200 saluos
394 2135 462 2198 fieri
495 2139 527 2200 et
553 2136 585 2200 in
616 2136 809 2219 agnitionem
839 2135 985 2200 ueritatis
1013 2135 1133 2200 uenire.
1163 2135 1297 2218 denique

149 2244 181 2304 et
206 2240 343 2306 Sodoma
367 2242 394 2305 si
417 2242 583 2307 habuisset
608 2242 839 2325 quinquaginta
862 2242 976 2320 iustos,
1000 2261 1060 2307 non
1081 2246 1168 2307 esset
1187 2262 1299 2307 euersa

149 2349 232 2412 etsi
256 2348 366 2412 decem
389 2348 566 2426 habuisset
544 2351 679 2413 ttesse
700 2348 873 2431 redempta,
898 2368 934 2413 eo
960 2349 1044 2430 quod
1067 2349 1298 2415 sermoremis-

150 2455 247 2520 sionis
271 2458 473 2539 peccatorum
499 2456 634 2520 animam
660 2456 782 2520 semitu
783 2459 962 2520 ttcaeerua
964 2455 1182 2539 tdisciplinae
1201 2457 1299 2539 pleni·
1367 2469 1390 2521 n

149 2562 227 2626 tudo
261 2563 419 2645 perfectae
455 2565 594 2626 mentem
632 2582 692 2626 non
731 2563 816 2628 sinat
802 2563 940 2627 tedaci
977 2563 1145 2627 libidinum
1182 2583 1300 2646 uapore
1322 2589 1349 2627 so

150 2671 306 2735 consumi.

108 2773 148 2834 12
195 2778 372 2842 Plurimum
406 2781 511 2842 tamen
545 2777 641 2841 refert
673 2781 705 2842 et
733 2778 886 2842 moralem
915 2777 1060 2842 aedificat
1088 2778 1248 2855 allectum,
1274 2778 1303 2841 si

150 2884 245 2948 etiam
264 2903 431 2948 numerum
450 2884 608 2948 iustorum
625 2885 813 2966 simpliciter
827 2885 1021 2966 accipiamus
1036 2883 1187 2965 prodesse
1201 2902 1304 2966 popu-

149 2990 251 3053 lorum
277 2991 384 3054 saluti.
410 2991 577 3071 conprimit
601 2995 633 3055 et
656 2995 778 3055 resecat
797 2991 960 3067 inuidiam,
982 2990 1145 3056 confundit
1162 2989 1303 3072 inprobi-

150 3099 258 3173 tatem,
297 3096 448 3159 uirtutem
486 3097 608 3174 incitat,
647 3102 743 3182 auget
781 3098 924 3181 gratiam.
962 3117 1054 3162 nemo
1089 3098 1174 3162 enirn
1206 3096 1304 3162 dehet
1324 3124 1350 3164 ss

150 3202 291 3266 inuidere
321 3203 410 3266 alteri
438 3205 576 3282 laudem,
601 3225 681 3287 quae
705 3205 766 3269 sibi
789 3205 901 3286 prosit,
926 3208 1019 3285 atque
1043 3204 1195 3287 inprobus
1215 3203 1303 3286 quis-

152 3329 211 3391 que
245 3308 475 3392 redemptorem
510 3331 603 3374 suum
642 3312 716 3375 dum
755 3310 892 3394 suscipit
926 3311 1107 3392 frequenter
1142 3310 1301 3383 imitatur,

152 3418 235 3479 certe
268 3420 445 3496 ueneratur,
479 3418 665 3500 plerumque
700 3419 795 3482 etiam
829 3417 944 3502 diligit.
977 3417 1047 3500 ipse
1077 3417 1182 3494 etiam,
1212 3416 1242 3481 si
1266 3437 1301 3482 se
1370 3429 1390 3483 E

242 3677 254 3728 1
273 3675 354 3730 Exod.
370 3678 444 3740 34,9
499 3678 609 3732 41211110
628 3677 661 3731 de
680 3695 746 3733 sacr.
767 3680 800 3733 37
821 3680 891 3745 (187,
912 3680 939 3743 9,
959 3678 974 3732 Ι
993 3681 1055 3742 251,
1074 3679 1090 3731 3
1113 3677 1155 3742 0.;
1177 3677 1302 3743 187,12;

152 3763 245 3827 1251,
264 3765 280 3817 6
302 3763 343 3831 0.)
429 3765 445 3817 8
465 3765 563 3818 Psalm.
583 3765 675 3818 XVIII
693 3766 709 3820 8
728 3766 827 3820 hlatth.
849 3768 890 3829 11,
910 3767 945 3821 25
1021 3766 1130 3820 141011.
1150 3767 1176 3830 3,
1196 3765 1231 3820 16
1250 3781 1302 3834 sq,

152 3851 214 3904 Iiuc.
237 3853 278 3915 19,
300 3853 333 3906 10
412 3853 576 3920 1510h.3,
603 3856 634 3908 17
714 3853 1303 3924 171100.18,24000.Ρ11110(100000.

152 3941 185 3994 37
205 3940 277 4004 (187,
298 3943 344 4005 17,
365 3942 378 3995 I
397 3944 459 4008 251,
477 3943 493 3996 9
516 3942 557 4009 Ο.)

189 4066 357 4119 lmunerari
375 4067 412 4119 M
451 4067 615 4121 heolidiora
633 4069 690 4132 Be,
703 4070 774 4137 sort.
794 4069 930 4123 solidioris
973 4070 1006 4123 14
1024 4066 1189 4121 hiiMA¹P
1206 4068 1304 4124 hicet.

154 4153 186 4206 16
206 4158 234 4206 ot
253 4154 288 4207 ad
307 4155 334 4207 P
414 4155 445 4208 18
465 4157 604 4227 redempta
624 4162 696 4211 esset
714 4158 741 4210 P
827 4160 860 4211 19
879 4159 1012 4212 seruitute
1030 4155 1234 4210 Basenrituti
1254 4164 1304 4212 cet.

152 4244 184 4296 21
206 4245 326 4296 consumi
345 4244 423 4297 MM¹
476 4247 510 4299 24
531 4246 654 4301 coniudIt
672 4248 734 4300 MP
