2836 4822
311 348 352 401 De
371 347 439 401 Cain
460 351 487 400 ct
507 346 575 400 Abel
596 347 666 407 119,
686 344 793 400 28-30
832 346 927 413 (1219
947 345 1057 401 0-220
1077 346 1118 414 C).
1228 350 1295 414 403

149 542 223 624 quia
254 548 399 624 parentes
432 560 582 605 accusare
614 560 674 605 uon
704 540 839 604 debent?
869 539 924 604 sed
953 560 989 604 eo
1018 541 1117 604 nraicr
1145 546 1194 605 est
1222 561 1293 606 ccu-

148 649 306 713 derunatic
331 651 395 713 tua.
421 667 493 712 uam
518 648 545 711 si
564 666 635 711 cara
653 646 900 712 necessitudinis
919 648 1045 711 numina
1065 667 1212 712 accusare
1231 668 1292 714 nun

147 756 272 833 debent,
301 756 402 819 multe
432 755 534 838 inagis
563 775 622 818 uon
652 754 767 819 debent
790 754 942 818 occidere.
972 755 1028 818 sed
1052 755 1078 817 si
1103 773 1153 818 rne
1177 759 1293 819 testem

147 863 260 926 alinuis
294 865 326 925 et
358 862 477 944 refugis
511 861 675 939 arbitrum,
708 880 769 925 rior
797 862 960 946 sanguinis
989 863 1094 927 fratris
1122 864 1171 927 tui
1197 865 1292 928 testis

115 974 206 1046 aest,
240 989 320 1051 quae
353 970 392 1032 ad
425 989 475 1033 me
509 970 634 1034 elamat.
668 969 725 1032 illa
756 973 787 1033 te
821 970 938 1034 maiore
969 970 1159 1034 arrctoritate
1187 972 1293 1053 arguit

144 1096 238 1157 carram
271 1077 298 1140 si
331 1078 426 1140 frater
458 1077 592 1140 uiueret.
626 1075 686 1140 seli
719 1076 827 1140 eratis:
863 1076 934 1158 quis
969 1096 1041 1140 euni
1074 1077 1181 1160 putuit
1212 1079 1292 1141 alter

144 1184 307 1248 cecidere?
327 1183 354 1247 si
374 1201 506 1248 accusas
522 1185 679 1265 parentes
696 1181 882 1264 parricidam
897 1183 1022 1264 probas.
1042 1183 1147 1265 potuit
1161 1184 1290 1248 fratrem

143 1290 286 1355 accidere
317 1289 372 1373 qui
400 1309 460 1354 nun
489 1290 590 1372 parcit
613 1289 809 1372 parentibus.
833 1289 938 1372 potuit
961 1290 1117 1371 parricida
1140 1309 1209 1354 esse
1235 1292 1388 1374 qui-nsua

144 1398 181 1461 de
211 1397 374 1480 parricidis
404 1415 437 1460 se
466 1401 571 1461 ortum
600 1397 731 1477 probare
760 1396 927 1459 desiderat.
962 1399 993 1459 et
1021 1397 1100 1460 bene
1129 1397 1186 1461 ait:
1220 1419 1290 1463 uox

99 1531 123 1568 ιο
145 1504 341 1588 sanguinis
372 1504 524 1578 clamat,
554 1521 614 1567 uun
643 1504 739 1566 frater
768 1503 892 1578 clamat,
922 1504 981 1569 huc
1006 1506 1055 1568 est
1077 1504 1289 1569 innocentiam

144 1616 176 1673 et·
199 1611 333 1693 gratiam
358 1610 576 1693 germanitatis
601 1609 693 1673 etiam
719 1610 750 1672 in
772 1611 842 1691 ipsa
860 1613 961 1674 morte
981 1614 1097 1690 seruat,
1116 1631 1177 1676 non
1197 1630 1289 1676 accu-

142 1723 192 1781 sat
216 1718 320 1794 frater,
344 1736 382 1780 ne
407 1716 553 1780 uideatur
577 1716 741 1797 parricida,
770 1737 829 1781 nou
855 1721 984 1782 accusat
1008 1738 1067 1783 uox
1091 1717 1203 1800 ipsius,
1226 1739 1287 1784 non

140 1825 242 1888 anirua
275 1824 354 1899 eius,
389 1823 443 1887 sed
477 1828 607 1887 accusat
638 1841 698 1886 uer
733 1823 907 1907 sauguinis
941 1843 1033 1906 quern
1068 1826 1136 1908 ipse
1164 1825 1287 1890 fudisti.

139 1938 228 1995 tuum
249 1937 281 1995 te
305 1950 380 2015 ergo
404 1931 539 2008 sucidae,
564 1949 624 1993 nun
650 1931 747 1994 frater
771 1932 922 1997 accusat‘
945 1931 1041 1996 simul
1065 1932 1206 2014 querella
1229 1935 1288 1997 cri·

95 2066 119 2104 is
139 2039 262 2102 nriueso
294 2038 453 2102 adimitur.
482 2057 543 2101 nou
573 2041 680 2119 potest
708 2037 745 2102 de
774 2039 875 2102 alieno
905 2039 1088 2104 testimonio
1119 2041 1206 2122 queri
1231 2041 1285 2123 qui
1312 2047 1335 2102 Β

139 2145 255 2208 crirnen
294 2145 418 2228 propriu
453 2144 589 2208 facinere
623 2144 800 2211 confitetur.
838 2144 941 2208 minor
973 2150 1022 2209 est
1055 2165 1157 2210 senno
1191 2167 1285 2228 quarn

139 2254 269 2316 sactum.
300 2255 350 2316 est
377 2257 481 2315 tannen
512 2251 606 2315 etiarn
635 2254 718 2315 terra
745 2251 850 2329 testis
875 2271 955 2334 quae
980 2253 1064 2336 cepit
1087 2254 1286 2337 sanguinem.

48 2358 91 2419 30
140 2365 171 2423 et
194 2359 273 2423 bene
299 2360 358 2424 ait:
390 2379 460 2423 uos
485 2359 683 2442 sanguinis
708 2359 841 2422 fratris
867 2359 922 2422 tui
947 2361 1085 2424 clamat
1108 2360 1150 2425 de
1174 2364 1285 2436 terra,

139 2484 198 2530 non
223 2466 314 2530 dixit:
339 2467 388 2530 ‘de
422 2465 526 2529 fratris
560 2466 676 2530 clamat
708 2473 858 2547 cur·p0re,¹
883 2465 938 2530 sed
962 2466 1010 2530 ‘de
1038 2470 1120 2530 terra
1148 2469 1285 2532 clamat‘.

92 2603 120 2638 su
139 2574 198 2636 etsi
222 2574 318 2637 frater
340 2573 451 2655 parcit,
476 2576 559 2637 terra
583 2593 642 2636 non
667 2573 783 2656 parcit:
813 2573 840 2637 si
864 2574 961 2637 frater
983 2575 1079 2646 tacet,
1107 2576 1190 2637 terra
1214 2593 1286 2638 cuu-

139 2681 275 2744 denrnat.
302 2680 370 2764 ipsa
395 2680 499 2743 estin
524 2685 555 2744 te
581 2685 611 2744 et
636 2681 729 2744 testis
754 2685 785 2745 et
808 2681 915 2744 iudex:
947 2682 1040 2745 testis
1069 2681 1180 2757 acrior,
1205 2701 1284 2763 quae

137 2787 239 2851 adhuc
271 2787 432 2870 parricidii
464 2787 512 2850 tui
547 2788 700 2871 sanguine
733 2787 849 2862 madet,
888 2788 980 2851 iudex
1017 2787 1165 2871 asperior,
1205 2807 1285 2870 quas

137 2898 224 2958 tantu
249 2897 368 2959 scelere
393 2895 595 2976 coinquinata
619 2900 679 2972 est,
699 2899 736 2958 ut
756 2896 890 2976 aperiret
910 2915 944 2959 os
965 2915 1058 2960 suum
1078 2900 1110 2959 et
1129 2896 1285 2979 exciperet
1312 2900 1333 2957 0

138 3001 324 3085 sanguinein
350 3001 454 3065 fratris
479 3003 526 3065 tui
553 3001 590 3065 de
615 3021 709 3065 manu
734 3005 800 3066 tua.
826 3005 858 3065 et
880 3003 935 3066 illa
960 3002 1086 3083 quidem
1106 3002 1229 3085 aperuit
1248 3021 1283 3067 cs

104 3133 116 3169 a
136 3128 229 3172 suum
255 3109 345 3190 quasi
370 3113 538 3191 exceptura
558 3108 595 3173 de
615 3109 763 3172 fratribus
784 3110 881 3173 uerba
899 3110 1039 3191 pietatis,
1059 3110 1138 3173 uihil
1157 3110 1284 3186 timens,

136 3234 207 3277 cunr
246 3215 359 3278 fratres
398 3215 530 3288 uideret,
574 3235 653 3297 quae
692 3216 786 3280 sciret
823 3216 873 3279 ius
911 3217 1129 3300 germanitatis
1168 3215 1284 3280 anruris

227 3424 258 3476 18
278 3423 344 3478 Gen.
366 3426 390 3477 4.
412 3425 446 3477 10

174 3547 410 3616 lcundcurpnatiu
430 3533 481 3601 nra
498 3550 524 3600 B
597 3550 685 3602 Quen
705 3548 807 3602 debent
825 3565 951 3601 accusare
971 3548 997 3601 B
1052 3548 1209 3602 30ccidere
1229 3566 1281 3602 uon

135 3635 284 3688 ‹lebentV
323 3637 486 3690 carettum
507 3636 529 3690 S
547 3648 573 3701 (r
591 3654 612 3690 s.
634 3641 658 3689 ei
679 3637 815 3690 „rrPP‘V
853 3638 1025 3706 8pareitin
1045 3637 1137 3707 aaruS
1174 3639 1206 3691 10
1220 3655 1281 3690 san·

135 3725 224 3793 guinis
244 3726 336 3778 fratris
357 3725 459 3781 (fratris
478 3744 499 3780 s.
520 3744 545 3778 rr.
567 3730 623 3791 nrz')
644 3726 671 3778 P
688 3728 828 3795 sanguinis
848 3727 939 3778 fratris
959 3728 999 3779 tui
1019 3746 1035 3778 a
1126 3727 1281 3779 innocentia

135 3824 161 3865 et
182 3815 270 3882 gratia
288 3813 411 3867 AA‘PV
427 3816 583 3868 innocentia
603 3822 630 3868 et
650 3817 739 3885 gratia
758 3822 804 3870 cet.
899 3817 929 3868 11
951 3817 1032 3868 etiarn
1053 3832 1104 3868 om.
1123 3817 1151 3868 P
1226 3833 1280 3869 ser·

135 3912 214 3956 uetur
234 3904 288 3973 Βμ
327 3904 358 3956 id
379 3903 462 3956 frater
481 3904 549 3957 Abel
570 3904 596 3956 P
643 3906 674 3958 14
694 3905 814 3973 querella
833 3905 869 3958 M
886 3911 911 3958 et
930 3905 948 3972 ri
963 3921 1008 3972 μν.
1029 3910 1111 3968 eras.)
1126 3905 1154 3956 P
1172 3903 1281 3973 quercla

135 4000 180 4044 cet.
256 3994 287 4046 15
308 3992 442 4045 arleuritur
463 3993 529 4045 MP
549 3998 573 4046 et
594 3999 673 4050 (corr.
695 3998 751 4051 ard)
772 3993 793 4046 S
867 3996 898 4048 lt
919 3995 1026 4063 propriu
1046 3994 1164 4046 t'acincre
1184 4011 1233 4045 one.
1254 3991 1281 4044 B

136 4082 166 4132 17
184 4087 247 4149 pust
265 4082 366 4134 facturn
388 4081 453 4135 aad
475 4087 516 4135 est
535 4083 562 4135 B
663 4084 695 4136 19
716 4083 748 4135 de
769 4085 817 4135 adt.
838 4084 865 4135 B
884 4083 1011 4136 Maurice.
1033 4085 1280 4147 da'dfret14399,

134 4187 182 4222 eurr.
205 4176 250 4224 eet,
308 4171 342 4224 ’20
362 4171 445 4223 irater
465 4177 557 4241 parcat
578 4172 603 4224 B
659 4173 692 4225 22
713 4175 844 4240 sarrguiue
864 4171 957 4224 BPV
975 4171 1133 4240 eurrguiueru
1153 4170 1218 4224 SM‘
1238 4173 1281 4235 (in

134 4260 232 4324 alaribus
251 4277 275 4311 ru
295 4276 376 4312 eras.¹
399 4267 445 4312 cet.

1194 4365 1244 4421 26⁸
