2836 4822
158 80 169 143 5
604 76 800 131 Ambrosii

171 271 241 337 Non
275 272 379 338 solum
411 273 511 357 igitur
542 273 630 338 nulla
661 273 693 337 in
721 272 772 336 his
799 272 1000 355 reprehensio
1029 273 1188 351 creatoris,
1217 270 1275 336 sed

135 377 224 443 etiam
256 378 483 443 incrementum
519 381 568 442 est
599 377 784 462 gratiarum,
817 377 975 460 siquidem
1008 378 1093 460 quod
1125 378 1164 442 ad
1191 379 1274 463 peri·

128 485 234 550 eulum
248 486 383 568 putabas
397 504 467 550 esse
483 489 664 569 generatum
686 484 725 548 ad
744 484 883 549 remedia
900 484 961 550 tihi
980 485 1095 551 salutis
1115 491 1274 570 operetur.
1337 493 1365 547 D

127 611 199 656 nam
229 595 261 657 et
287 591 321 656 id
350 592 434 675 quod
462 591 596 675 perienli
624 595 674 656 est
701 610 756 673 per
784 592 1017 673 prouidentiam
1042 592 1219 658 declinatur
1242 597 1276 658 et

127 698 160 763 id
183 698 268 782 quod
292 699 405 764 salutis
429 718 485 782 per
507 699 696 764 industriam
719 718 780 763 non
805 698 972 764 amittitur.
992 717 1030 763 an
1050 718 1124 764 uero
1145 718 1222 765 ones
1242 705 1276 766 et
1305 720 1320 759 a

128 824 237 888 caprae
262 826 298 871 ea
322 825 402 889 quae
427 807 488 871 sihi
512 807 603 871 noria
626 808 702 869 sunt
725 804 882 869 declinare
907 804 1085 869 didicerunt
1107 809 1140 870 et
1160 814 1277 879 <non>

128 911 195 977 solo
220 912 314 978 odore
338 932 393 995 per
416 912 575 995 quoddam
599 916 728 977 naturae
748 910 944 995 mysterium,
965 930 1037 976 oum
1057 911 1123 977 sint
1140 913 1275 978 rationis

128 1020 280 1101 expertes,
303 1018 457 1083 rationem
482 1022 586 1083 tamen
607 1018 760 1082 euadendi
780 1017 912 1101 periculi
931 1019 985 1083 uel
1003 1017 1140 1083 tuendae
1159 1019 1275 1085 salutis

128 1127 305 1209 agnoscunt
331 1125 485 1208 noxiaque
513 1125 631 1208 pariter
659 1143 695 1190 ao
723 1124 891 1207 profutura
918 1123 1130 1210 distinguunt,
1159 1125 1205 1190 ita
1239 1132 1277 1191 ut

127 1231 323 1314 plerumque,
353 1251 425 1296 oum
454 1235 574 1296 armata
602 1231 732 1296 uenenis
759 1231 825 1296 tela
852 1231 1018 1310 senserint,
1048 1235 1138 1297 notas
1166 1235 1275 1316 petere
1296 1239 1366 1294 roi}

127 1338 239 1403 herhas
264 1341 361 1421 atque
385 1338 435 1403 his
458 1337 633 1402 remedium
657 1337 781 1403 uulneri
805 1337 949 1403 dieantur
977 1338 1153 1404 adhihere?
1182 1340 1277 1406 eihus

127 1444 191 1509 illis
216 1464 289 1530 ergo
314 1445 469 1510 medisina
492 1448 551 1524 est,
575 1448 613 1509 ut
635 1444 757 1510 resilire
781 1445 915 1528 sagittas
939 1445 1049 1510 uideas
1073 1445 1277 1522 extumere,

128 1551 237 1636 fugere
255 1571 387 1629 uenena,
407 1571 467 1616 non
487 1571 621 1634 serpere.
642 1551 777 1633 denique
797 1552 900 1616 cernis
920 1552 1010 1618 oibus
1029 1571 1189 1617 uenenum
1204 1559 1277 1618 est:

129 1658 259 1724 coluber
277 1678 406 1723 ceruum
425 1659 519 1743 fugit,
539 1661 661 1723 leonem
676 1658 841 1723 interficit:
865 1658 959 1724 draeo
973 1658 1168 1724 helefantum
1182 1660 1277 1744 ligat,

129 1766 220 1832 euius
252 1766 342 1830 ruina
375 1785 460 1831 mors
488 1766 620 1830 uictoris
650 1768 709 1830 est.
738 1769 771 1829 et
798 1765 868 1831 ideo
898 1766 1084 1831 summani
1111 1768 1278 1850 utrimque
1295 1783 1322 1822 1⁵

129 1875 278 1949 certatur,
307 1872 361 1937 ille
391 1881 428 1937 ut
457 1872 567 1956 pedem
598 1872 718 1956 alliget,
746 1873 778 1936 in
809 1892 869 1954 quo
895 1891 987 1937 casus
1013 1872 1112 1938 uincti
1135 1873 1197 1938 sibi
1220 1892 1276 1938 no·

129 1999 198 2045 oere
226 1999 287 2044 non
315 1980 428 2061 possit,
457 1980 518 2043 iste
546 2000 585 2045 ne
615 1979 788 2062 posteriore
817 1983 973 2044 extremus
1002 1978 1082 2063 pede
1110 1984 1166 2044 aut
1192 1981 1276 2045 ealle

130 2085 272 2169 rapiatur
303 2091 449 2171 angusto,
483 2087 538 2151 uhi
571 2087 623 2151 uel
655 2087 724 2169 ipse
758 2105 792 2151 se
820 2106 881 2151 uon
911 2090 1007 2169 queat
1033 2090 1216 2168 retorquere
1244 2091 1280 2151 et
1343 2101 1392 2156 l?

130 2192 293 2257 draconem
336 2194 426 2276 graui
467 2197 624 2277 proterere
666 2193 804 2276 uestigio
846 2194 900 2258 uel
942 2193 1104 2276 sequentis
1146 2194 1278 2258 elefanti

77 2299 115 2362 41
130 2299 282 2363 auxilium
315 2317 374 2362 non
409 2300 534 2364 hahere.
568 2317 642 2383 ergo
672 2298 699 2363 si
727 2299 959 2365 inrationabilia
986 2299 1134 2363 animalia
1160 2305 1279 2365 norunt
1296 2320 1326 2359 ao

130 2405 246 2488 quibus
271 2405 331 2470 sihi
351 2409 407 2470 aut
425 2406 621 2470 medicentur
639 2404 746 2470 herbis
764 2409 821 2470 aut
840 2405 991 2471 subsidiis
1012 2425 1103 2488 opem
1123 2406 1280 2483 adferant,

130 2510 224 2577 homo
240 2512 350 2591 nescit,
367 2512 418 2576 eui
432 2511 628 2576 rationabilis
645 2530 756 2576 sensus
771 2512 956 2590 innascitur,
974 2515 1030 2576 aut
1043 2516 1109 2576 tam
1125 2511 1281 2577 alienusa

132 2636 206 2684 uero
227 2622 284 2695 est,
306 2622 342 2683 ut
358 2637 438 2700 quae
454 2618 569 2701 cuique
585 2620 657 2700 apta
672 2617 736 2682 sint
750 2618 823 2682 usui
840 2618 969 2682 minime
985 2618 1206 2702 deprehendat,
1221 2620 1282 2683 aut

130 2726 174 2791 ita
189 2729 317 2790 naturae
332 2725 475 2809 ingratus
492 2725 592 2805 honis,
608 2726 645 2788 ut
659 2724 809 2806 quoniam
823 2724 938 2789 taurini
957 2725 1092 2789 haustus
1112 2725 1281 2809 sanguinis

218 2977 316 3033 anas.
338 2975 493 3043 1010(43
512 2976 547 3039 Β)
613 2975 647 3030 10
666 2974 700 3029 cf.
719 2975 790 3028 Plin.
810 2974 843 3028 N.
864 2975 897 3030 ll.
917 2975 990 3028 XXV
1009 2977 1043 3030 92
1114 2976 1278 3031 1361114-

129 3068 215 3121 hanus
234 3066 343 3120 Maurus
364 3065 478 3135 (Migne)
500 3063 560 3119 CXI
580 3064 633 3119 204
688 3065 723 3118 14
742 3065 774 3118 cf.
795 3064 865 3118 Plin.
885 3065 919 3118 N.
938 3065 972 3121 H.
992 3064 1059 3118 VlII
1080 3065 1131 3119 118
1187 3067 1221 3120 15
1242 3067 1276 3119 ef.

129 3156 199 3211 Plin.
219 3155 253 3212 N.
272 3154 306 3208 Η.
325 3153 464 3207 V11132¹
500 3154 535 3207 ‘24
554 3153 617 3206 Bas.
640 3154 690 3207 102
710 3153 732 3206 B
753 3152 847 3222 (rae)

166 3281 329 3348 30peratur
350 3278 373 3329 (J
389 3281 435 3331 md
455 3277 485 3329 N
519 3280 608 3331 5non
627 3277 671 3346 (ex
689 3280 799 3342 nouam)
822 3274 845 3329 C
862 3293 960 3329 nouem
980 3277 1033 3332 GP
1070 3277 1158 3330 onon
1175 3277 1278 3331 addidi

130 3373 146 3423 o
166 3369 320 3438 distingunt
339 3366 362 3419 ll
454 3368 488 3422 10
507 3372 650 3421 senserunt
668 3366 701 3419 Μ
721 3371 746 3419 et
765 3366 785 3432 (i
803 3382 824 3419 a.
845 3370 874 3431 u)
893 3365 917 3420 S
933 3367 1057 3419 inserunt
1074 3366 1099 3423 a
1119 3370 1150 3431 (a.
1170 3383 1205 3420 m.
1224 3383 1275 3420 ree.

131 3463 283 3525 seusemnt)
302 3459 344 3512 Μ’
417 3462 510 3527 petere
532 3456 555 3509 Ο
571 3456 597 3525 (e
618 3456 668 3509 alt.
687 3472 721 3510 ex
739 3457 748 3509 i
767 3460 824 3522 2113)
878 3456 908 3510 ll
930 3454 1077 3509 uulneriC
1094 3456 1114 3521 (i
1133 3472 1166 3509 ea
1184 3471 1200 3509 a
1218 3456 1277 3522 m3)

133 3550 165 3602 12
185 3565 215 3602 ex
233 3549 333 3616 scripsi
350 3552 379 3601 et
400 3547 475 3601 CPB
494 3552 519 3600 et
541 3544 565 3599 G
586 3550 609 3611 (t
627 3546 658 3599 in
677 3548 746 3610 rao.)
766 3562 780 3600 e
800 3551 845 3600 cet.
919 3546 1030 3599 uulnere
1045 3543 1098 3598 ΠΒ
1116 3546 1229 3600 uulnere
1248 3548 1278 3599 et

131 3643 178 3692 cet.
244 3638 277 3691 14
296 3637 463 3690 helefantum
487 3636 537 3690 OG
558 3636 705 3689 elefantum
727 3641 774 3689 cet.
840 3636 872 3689 15
891 3652 994 3688 summa
1016 3635 1041 3687 G
1059 3637 1107 3688 ma
1129 3633 1276 3688 Venmme

133 3738 266 3787 (sunrmae
285 3728 320 3795 a)
341 3733 388 3782 cet.
476 3728 503 3780 ui
523 3744 573 3781 om.
593 3727 626 3780 N
709 3724 895 3796 utmmquell
987 3726 1020 3779 16
1039 3727 1178 3779 certantur
1198 3723 1280 3779 CGP

167 3818 213 3871 ille
234 3822 265 3871 ut
284 3835 334 3889 μα
353 3820 384 3869 ut
402 3816 449 3870 ille
469 3817 534 3870 libri
589 3833 665 3870 casu·
683 3818 705 3870 C
725 3828 747 3868 ts
767 3815 847 3884 erae.)
903 3815 1000 3868 uinctis
1018 3816 1041 3868 (J
1058 3814 1078 3884 (i
1098 3813 1147 3869 alt.
1162 3814 1194 3867 in
1206 3816 1275 3877 roe.)

136 3908 160 3961 V
183 3914 207 3962 et
231 3916 255 3974 (s
279 3906 343 3973 del.)
370 3906 432 3961 GM
455 3907 522 3960 uicti
547 3907 579 3963 il'
673 3908 705 3960 19
731 3906 877 3959 aelet'onthi
899 3907 922 3955 (1'
944 3905 973 3975 (h
996 3907 1078 3972 eros.)
1100 3902 1232 3958 eleiauthi
1249 3901 1281 3955 P

132 3997 260 4051 aelefanti
280 3997 307 4049 B
