2836 4822
165 363 231 426 494
636 358 834 411 Ambrosii

166 575 227 638 qua
250 553 474 631 1·atione‚cum
498 554 583 618 filius
608 553 677 617 eius
703 553 801 619 (tham
824 553 1015 635 peccauerit,
1035 574 1095 618 nou
1119 555 1238 636 ipsum,
1259 553 1314 618 sed

165 663 267 726 titium
295 661 363 725 eius
392 661 540 725 seruituti
570 661 709 726 addixit?
734 665 766 724 et
789 662 924 726 fortasse
947 661 1018 726 ideo
1043 661 1127 743 quod
1150 662 1225 743 plus
1250 661 1315 724 affi-

166 770 248 833 citur
280 771 369 851 pater
401 767 525 832 iniuriis
559 767 616 831 filii
650 768 712 844 sui,
746 768 880 832 maxime
915 787 1047 850 quarum
1080 768 1150 850 ipse
1180 786 1255 832 reus
1283 772 1315 831 et

165 880 276 940 auctor
300 875 442 952 exsistat,
468 878 500 938 et
522 874 744 939 uehementius
768 875 975 939 contristatur
999 874 1049 939 sui
1075 875 1201 956 peccati
1230 874 1315 938 dam·

165 978 325 1047 nationem
354 1000 372 1044 a
400 982 465 1046 filio
494 982 699 1063 persolutam,
728 983 782 1063 qui
811 1001 872 1047 non
901 986 966 1045 tam
995 1000 1053 1045 suo
1087 1001 1180 1064 quam
1214 980 1314 1063 patris
1343 1005 1355 1047 ι

165 1088 278 1152 merito
306 1088 484 1171 puniretur:
519 1088 629 1153 deinde
658 1089 741 1170 quia,
771 1108 844 1152 cum
868 1088 1026 1152 doctrinae
1049 1093 1197 1171 paternae
1221 1088 1315 1152 disci·
1355 1107 1413 1164 2754

164 1197 261 1279 palus
291 1200 377 1261 esset
403 1196 488 1259 filius
518 1200 550 1259 et
576 1196 788 1277 pessimarum
813 1196 958 1260 aemulus
987 1195 1228 1279 cogitationum,
1251 1214 1313 1258 uuo

166 1323 294 1385 corpore
323 1307 458 1385 uterque
487 1306 630 1366 uteretur
657 1306 689 1365 et
716 1307 821 1366 urente
854 1302 1025 1383 eade-mque
1058 1302 1189 1366 malitia.
1223 1301 1315 1365 indif-

165 1411 301 1474 ferenter
329 1409 428 1494 igitur·
455 1410 506 1474 uel
534 1414 682 1491 paternae
711 1410 762 1472 uel
791 1428 867 1473 suae
895 1409 1035 1473 malitiae
1064 1409 1149 1474 iilius
1177 1408 1315 1490 pretium

165 1518 237 1594 luit,
272 1517 420 1599 quoniam
453 1516 667 1599 improbitatis
701 1535 868 1579 commuue
901 1516 1096 1580 consortium
1134 1518 1192 1580 est.
1231 1514 1315 1597 quod
1334 1543 1358 1579 n

165 1625 265 1706 igitur·
296 1643 352 1706 pro
387 1624 485 1707 patris
519 1623 618 1687 soluit
649 1622 852 1705 improbitate
886 1622 953 1686 sine
986 1622 1082 1686 dubio
1114 1626 1146 1685 et
1172 1641 1229 1704 pro
1258 1640 1316 1685 sua

166 1732 267 1795 soluit
295 1732 406 1813 culpae
436 1731 504 1794 cius
535 1750 609 1793 reus
639 1731 691 1793 uel
721 1733 804 1792 certe
833 1729 954 1793 diutius
985 1748 1087 1812 poena
1118 1729 1315 1811 producitur,

167 1856 239 1902 cum
269 1837 364 1901 etiam
393 1838 431 1899 ad
461 1838 562 1901 tilium
590 1856 692 1919 usque
720 1837 879 1918 pertendit
907 1839 939 1900 et
967 1836 1161 1900 successoris
1186 1834 1315 1898 afflictio

79 1939 139 2003 121
166 1945 197 2008 in
221 1948 365 2026 tempora
388 1944 490 2007 multa
512 1943 678 2026 profertur.
709 1944 769 2008 hoc
794 1943 968 2008 secumdum
991 1943 1141 2007 litteram.
1174 1946 1315 2005 ceterum
1372 1953 1392 2008 B

166 2072 227 2116 non
256 2057 319 2116 tam
350 2052 401 2115 liic
429 2052 572 2115 homines
603 2070 696 2132 quam
720 2069 825 2114 mores
850 2049 1155 2132 conprehendantur,
1181 2067 1316 2129 quorum
1334 2074 1358 2113 ιι

165 2160 197 2223 in
222 2162 357 2241 utroque
382 2179 444 2223 una
468 2162 589 2224 natura.
613 2177 686 2221 nam
711 2158 810 2221 Cinam
833 2158 949 2234 ‘calor·’,
970 2155 1115 2221 Olranaaa
1134 2154 1318 2219 ‘conmotio'

167 2270 199 2331 et
221 2266 440 2348 inquietudo&
470 2265 523 2346 qui
547 2269 654 2328 autem
678 2263 800 2328 calidus
825 2269 875 2327 est
897 2264 1008 2345 utique
1032 2262 1195 2344 inquietus
1220 2266 1316 2343 atque

168 2374 344 2437 conmotior
377 2378 436 2436 est.
475 2373 505 2435 in
540 2371 664 2435 duobus
697 2371 794 2453 igitur
827 2374 893 2435 orat
925 2389 989 2433 una
1019 2368 1126 2452 passio
1165 2372 1196 2432 et
1233 2388 1316 2432 unus

79 2472 142 2535 122
167 2482 309 2544 affectus.
343 2480 451 2559 itaque
477 2499 549 2542 cum
574 2477 653 2542 altor
676 2476 843 2553 addicitur,
868 2481 1000 2558 uterque
1029 2476 1225 2540 damnantur.
1261 2495 1318 2540 cur

167 2591 296 2649 sanctus
335 2586 434 2668 igitur
471 2584 540 2648 Noe
577 2584 766 2648 benedicens
801 2583 901 2647 filiurn
942 2602 1036 2647 suum
1078 2582 1212 2663 iapheth
1254 2582 1313 2645 ait:
1334 2585 1400 2650 mc

168 2687 1315 2774 dilatetdominuslaphethethabitetindomibusSem

168 2803 206 2862 et
238 2798 316 2861 fiat
349 2796 532 2862 Chanaan
568 2816 712 2861 seruus
747 2797 858 2860 cius?
892 2796 1028 2859 diximus
1057 2815 1152 2877 supra
1178 2794 1315 2876 iapheth

167 2906 257 2989 quasi
282 2905 460 2969 indifferens
485 2905 602 2969 bonum
627 2904 808 2988 significari.
840 2901 1050 2968 indifferentia
1075 2905 1182 2967 autem
1206 2901 1315 2965 latitu-

167 3013 270 3075 dinem
303 3011 410 3089 lrabet,
444 3030 523 3092 quae
556 3013 606 3073 est
638 3011 668 3073 in
703 3010 805 3074 salute
839 3010 947 3092 uigore
980 3009 1091 3073 decore
1127 3007 1315 3072 fortitudine

167 3118 289 3182 diuitiis
319 3117 420 3202 gratia
447 3116 613 3181 nobilitate
645 3117 755 3180 airricis
788 3116 1001 3198 potestatibus
1035 3119 1067 3180 et
1099 3115 1223 3181 ceteris.
1258 3113 1313 3179 sed
1335 3140 1365 3183 ιι

166 3226 244 3290 lraec
267 3225 344 3289 licet
366 3224 577 3288 indifferentia
599 3222 683 3287 bona
706 3223 780 3300 sint,
806 3225 912 3287 tannen
940 3222 1099 3305 plerisque
1127 3224 1313 3297 nocuerunt,

167 3332 220 3414 qui
241 3352 276 3397 ea
295 3353 355 3396 non
377 3351 449 3396 cum
469 3330 626 3414 sapientia
645 3334 675 3393 et
699 3328 823 3393 iustitia
846 3328 1066 3412 possedemnt.
1090 3330 1209 3392 multos
1229 3328 1314 3392 enim

256 3611 289 3665 16
308 3611 387 3663 Philo
408 3609 518 3674 Quaest.
539 3609 566 3662 11
586 3609 618 3661 11
640 3608 672 3661 de
691 3607 761 3661 sobr.
783 3608 815 3660 10
836 3607 939 3672 (1399.
960 3607 994 3660 23
1013 3607 1064 3674 sq.)
1145 3607 1177 3659 21
1200 3605 1268 3659 Gen.
1288 3607 1314 3668 9,

165 3699 199 3752 21
218 3698 298 3751 Philo
319 3697 430 3763 Quaeet.
451 3697 478 3750 11
499 3699 532 3751 76
552 3701 580 3750 ct
600 3698 632 3751 17
688 3698 722 3750 22
742 3695 775 3750 cf.
795 3699 860 3751 sect.
880 3695 896 3748 3

202 3842 218 3895 3
236 3843 315 3909 pater
334 3855 383 3892 orn.
405 3837 465 3890 DN
534 3839 593 3907 ipae
612 3855 663 3893 our.
682 3837 802 3891 DNCM
876 3839 893 3888 4
914 3838 1026 3890 exsistat
1044 3837 1078 3900 P,
1098 3852 1148 3890 om.
1167 3836 1195 3889 B
1214 3836 1316 3890 existat

165 3936 212 3986 cet.
299 3929 316 3981 6
336 3928 433 3981 deindo
453 3927 516 3997 quia
536 3943 594 3980 cum
613 3927 711 3994 scripsi
731 3925 829 3979 deinde
849 3926 912 3996 quia
931 3927 977 3995 qui
996 3925 1087 3979 PPB
1106 3925 1204 3980 deiude
1224 3927 1272 3994 qui
1294 3926 1318 3980 0

166 4016 263 4071 deinde
284 4017 347 4087 quia
361 4017 397 4070 M
415 4015 530 4084 denique
551 4015 596 4084 qui
611 4015 641 4067 D
656 4015 715 4082 (qui
733 4030 755 4071 e.
769 4015 809 4081 ιι.)
823 4014 856 4067 N
908 4016 940 4067 13
961 4032 1019 4068 eam
1035 4032 1120 4084 usque
1135 4014 1170 4068 ad
1183 4014 1272 4069 filium
1288 4016 1320 4069 N

202 4106 357 4159 afflictionis
376 4106 403 4157 P
422 4105 474 4170 (nie
494 4115 575 4167 eras)
635 4104 666 4156 19
687 4102 821 4156 addicitur
835 4104 862 4157 P
879 4103 908 4173 (d
928 4105 977 4159 att.
996 4121 1018 4158 s.
1037 4109 1077 4168 ιι.)
1150 4103 1318 4159 damnantur

165 4195 411 4248 Pdamuaturcet.
468 4191 1040 4260 eurecapucuml’pxp.)Ducmom.
1056 4193 1115 4246 T‘B
1150 4193 1318 4249 20-221ιι-

165 4284 224 4338 seth
247 4284 278 4336 P
298 4283 392 4352 taphet
411 4287 458 4335 cet.
514 4281 546 4333 21
569 4283 596 4332 et
620 4279 658 4342 T‘,
678 4296 729 4335 om.
750 4283 797 4333 cet.
