<?xml version="1.0" encoding="UTF-8"?>
<!DOCTYPE html PUBLIC "-//W3C//DTD XHTML 1.0 Transitional//EN"
    "http://www.w3.org/TR/xhtml1/DTD/xhtml1-transitional.dtd">
<html xmlns="http://www.w3.org/1999/xhtml" xml:lang="en" lang="en">
 <head>
  <title>
</title>
<meta http-equiv="Content-Type" content="text/html;charset=utf-8" />
  <meta name='ocr-system' content='tesseract 3.04.00' />
  <meta name='ocr-capabilities' content='ocr_page ocr_carea ocr_par ocr_line ocrx_word'/>
</head>
<body>
  <div class='ocr_page' id='page_1' title='image "./sanctiambrosiio02petsgoog_0452.png"; bbox 0 0 2836 4822; ppageno 0'>
   <div class='ocr_carea' id='block_1_1' title="bbox 382 330 1271 398">
    <p class='ocr_par' dir='ltr' id='par_1_1' title="bbox 382 330 1271 398">
     <span class='ocr_line' id='line_1_1' title="bbox 382 330 1271 398; baseline 0.013 -15"><span class='ocrx_word' id='word_1_1' title='bbox 382 330 424 384; x_wconf 91' lang='lat' dir='ltr'>De</span> <span class='ocrx_word' id='word_1_2' title='bbox 443 330 501 385; x_wconf 83' lang='lat' dir='ltr'>Noa</span> <span class='ocrx_word' id='word_1_3' title='bbox 523 331 564 396; x_wconf 88' lang='lat'>13,</span> <span class='ocrx_word' id='word_1_4' title='bbox 583 332 625 385; x_wconf 89' lang='grc'>43.</span> <span class='ocrx_word' id='word_1_5' title='bbox 646 333 681 385; x_wconf 87' lang='grc'>44</span> <span class='ocrx_word' id='word_1_6' title='bbox 718 331 742 398; x_wconf 89' lang='grc' dir='ltr'>(Ι</span> <span class='ocrx_word' id='word_1_7' title='bbox 761 331 814 385; x_wconf 91' lang='grc'>243</span> <span class='ocrx_word' id='word_1_8' title='bbox 834 331 943 385; x_wconf 80' lang='grc'><strong>1“-244</strong></span> <span class='ocrx_word' id='word_1_9' title='bbox 962 331 1004 398; x_wconf 79' lang='grc' dir='ltr'>Ε).</span> <span class='ocrx_word' id='word_1_10' title='bbox 1208 331 1271 395; x_wconf 77' lang='grc'>441</span> 
     </span>
    </p>
   </div>
   <div class='ocr_carea' id='block_1_2' title="bbox 35 525 1320 3173">
    <p class='ocr_par' dir='ltr' id='par_1_2' title="bbox 35 525 1320 3173">
     <span class='ocr_line' id='line_1_2' title="bbox 125 525 1271 612; baseline -0.003 -20"><span class='ocrx_word' id='word_1_11' title='bbox 125 527 398 612; x_wconf 86' lang='lat' dir='ltr'>quadraginta</span> <span class='ocrx_word' id='word_1_12' title='bbox 429 526 630 591; x_wconf 76' lang='lat' dir='ltr'>noctibus</span> <span class='ocrx_word' id='word_1_13' title='bbox 656 526 776 590; x_wconf 87' lang='lat' dir='ltr'>scimus</span> <span class='ocrx_word' id='word_1_14' title='bbox 801 526 884 590; x_wconf 88' lang='lat' dir='ltr'>enim</span> <span class='ocrx_word' id='word_1_15' title='bbox 908 525 992 590; x_wconf 92' lang='lat' dir='ltr'>diem</span> <span class='ocrx_word' id='word_1_16' title='bbox 1017 525 1079 589; x_wconf 89' lang='lat' dir='ltr'>dici</span> <span class='ocrx_word' id='word_1_17' title='bbox 1104 545 1198 607; x_wconf 91' lang='lat' dir='ltr'>quem</span> <span class='ocrx_word' id='word_1_18' title='bbox 1223 526 1271 590; x_wconf 93' lang='lat' dir='ltr'>sol</span> 
     </span>
     <span class='ocr_line' id='line_1_3' title="bbox 123 632 1272 717; baseline -0.002 -19"><span class='ocrx_word' id='word_1_19' title='bbox 123 640 239 699; x_wconf 85' lang='grc'><strong>3333333</strong></span> <span class='ocrx_word' id='word_1_20' title='bbox 262 633 448 697; x_wconf 89' lang='lat' dir='ltr'>illuminans</span> <span class='ocrx_word' id='word_1_21' title='bbox 472 633 588 717; x_wconf 83' lang='lat' dir='ltr'>signat,</span> <span class='ocrx_word' id='word_1_22' title='bbox 613 637 739 697; x_wconf 86' lang='lat' dir='ltr'>noctem</span> <span class='ocrx_word' id='word_1_23' title='bbox 763 652 857 715; x_wconf 88' lang='lat' dir='ltr'>quam</span> <span class='ocrx_word' id='word_1_24' title='bbox 887 633 1098 697; x_wconf 82' lang='lat' dir='ltr'>circumfusae</span> <span class='ocrx_word' id='word_1_25' title='bbox 1127 632 1272 696; x_wconf 78' lang='lat' dir='ltr'>tenebrae</span> 
     </span>
     <span class='ocr_line' id='line_1_4' title="bbox 125 739 1273 822; baseline -0.003 -18"><span class='ocrx_word' id='word_1_26' title='bbox 125 761 143 804; x_wconf 89' lang='lat' dir='ltr'>a</span> <span class='ocrx_word' id='word_1_27' title='bbox 167 741 230 805; x_wconf 89' lang='lat' dir='ltr'>diei</span> <span class='ocrx_word' id='word_1_28' title='bbox 258 740 401 804; x_wconf 87' lang='lat' dir='ltr'>claritate</span> <span class='ocrx_word' id='word_1_29' title='bbox 434 739 656 804; x_wconf 88' lang='lat' dir='ltr'>distenninant</span> <span class='ocrx_word' id='word_1_30' title='bbox 684 745 715 804; x_wconf 88' lang='lat' dir='ltr'>et</span> <span class='ocrx_word' id='word_1_31' title='bbox 742 740 929 822; x_wconf 90' lang='lat' dir='ltr'>plemmqne</span> <span class='ocrx_word' id='word_1_32' title='bbox 958 741 1002 803; x_wconf 87' lang='lat' dir='ltr'>ita</span> <span class='ocrx_word' id='word_1_33' title='bbox 1030 739 1162 803; x_wconf 88' lang='lat' dir='ltr'>anobis</span> <span class='ocrx_word' id='word_1_34' title='bbox 1191 739 1273 802; x_wconf 87' lang='lat' dir='ltr'>diem</span> 
     </span>
     <span class='ocr_line' id='line_1_5' title="bbox 125 845 1320 933; baseline -0.003 -21"><span class='ocrx_word' id='word_1_35' title='bbox 125 846 297 933; x_wconf 85' lang='lat' dir='ltr'>significari</span> <span class='ocrx_word' id='word_1_36' title='bbox 321 851 358 911; x_wconf 88' lang='lat' dir='ltr'>ut</span> <span class='ocrx_word' id='word_1_37' title='bbox 382 849 506 910; x_wconf 86' lang='lat' dir='ltr'>noctem</span> <span class='ocrx_word' id='word_1_38' title='bbox 530 865 591 909; x_wconf 93' lang='lat' dir='ltr'>non</span> <span class='ocrx_word' id='word_1_39' title='bbox 616 846 919 928; x_wconf 89' lang='lat' dir='ltr'>conprehendamus,</span> <span class='ocrx_word' id='word_1_40' title='bbox 940 847 1127 929; x_wconf 90' lang='lat' dir='ltr'>plerumque</span> <span class='ocrx_word' id='word_1_41' title='bbox 1148 850 1183 908; x_wconf 89' lang='lat' dir='ltr'>nt</span> <span class='ocrx_word' id='word_1_42' title='bbox 1203 864 1274 909; x_wconf 92' lang='lat' dir='ltr'>con·</span> <span class='ocrx_word' id='word_1_43' title='bbox 1299 845 1320 899; x_wconf 79' lang='lat' dir='ltr'>C</span> 
     </span>
     <span class='ocr_line' id='line_1_6' title="bbox 91 952 1276 1038; baseline 0 -23"><span class='ocrx_word' id='word_1_44' title='bbox 91 955 311 1036; x_wconf 77' lang='lat' dir='ltr'>aplectamur.</span> <span class='ocrx_word' id='word_1_45' title='bbox 344 952 558 1037; x_wconf 83' lang='lat' dir='ltr'>significantes</span> <span class='ocrx_word' id='word_1_46' title='bbox 587 952 670 1017; x_wconf 91' lang='lat' dir='ltr'>enim</span> <span class='ocrx_word' id='word_1_47' title='bbox 698 973 838 1018; x_wconf 87' lang='lat' dir='ltr'>mensem</span> <span class='ocrx_word' id='word_1_48' title='bbox 867 954 1000 1038; x_wconf 83' lang='lat' dir='ltr'>triginta</span> <span class='ocrx_word' id='word_1_49' title='bbox 1027 953 1149 1018; x_wconf 89' lang='lat' dir='ltr'>dierum</span> <span class='ocrx_word' id='word_1_50' title='bbox 1178 953 1276 1037; x_wconf 82' lang='lat' dir='ltr'>signi-</span> 
     </span>
     <span class='ocr_line' id='line_1_7' title="bbox 125 1059 1275 1142; baseline -0.003 -18"><span class='ocrx_word' id='word_1_51' title='bbox 125 1061 257 1125; x_wconf 85' lang='lat' dir='ltr'>ficamus</span> <span class='ocrx_word' id='word_1_52' title='bbox 282 1068 314 1125; x_wconf 86' lang='lat' dir='ltr'>et</span> <span class='ocrx_word' id='word_1_53' title='bbox 337 1062 457 1124; x_wconf 87' lang='lat' dir='ltr'>noctes.</span> <span class='ocrx_word' id='word_1_54' title='bbox 482 1059 564 1123; x_wconf 89' lang='lat' dir='ltr'>unde</span> <span class='ocrx_word' id='word_1_55' title='bbox 590 1078 663 1123; x_wconf 90' lang='lat' dir='ltr'>cum</span> <span class='ocrx_word' id='word_1_56' title='bbox 687 1059 765 1123; x_wconf 85' lang='lat' dir='ltr'>satis</span> <span class='ocrx_word' id='word_1_57' title='bbox 788 1060 905 1124; x_wconf 87' lang='lat' dir='ltr'>fuisset</span> <span class='ocrx_word' id='word_1_58' title='bbox 927 1060 1033 1142; x_wconf 83' lang='lat' dir='ltr'>Moysi</span> <span class='ocrx_word' id='word_1_59' title='bbox 1058 1059 1174 1124; x_wconf 81' lang='lat' dir='ltr'>dixisse</span> <span class='ocrx_word' id='word_1_60' title='bbox 1195 1060 1275 1122; x_wconf 91' lang='lat' dir='ltr'>dilu-</span> 
     </span>
     <span class='ocr_line' id='line_1_8' title="bbox 126 1166 1274 1249; baseline -0.002 -18"><span class='ocrx_word' id='word_1_61' title='bbox 126 1168 215 1232; x_wconf 92' lang='lat' dir='ltr'>uium</span> <span class='ocrx_word' id='word_1_62' title='bbox 239 1167 339 1231; x_wconf 86' lang='lat' dir='ltr'>fuisse</span> <span class='ocrx_word' id='word_1_63' title='bbox 365 1166 640 1249; x_wconf 86' lang='lat' dir='ltr'>quadraginta</span> <span class='ocrx_word' id='word_1_64' title='bbox 668 1166 830 1242; x_wconf 90' lang='lat' dir='ltr'>diebus,</span> <span class='ocrx_word' id='word_1_65' title='bbox 860 1185 916 1231; x_wconf 89' lang='lat' dir='ltr'>cur</span> <span class='ocrx_word' id='word_1_66' title='bbox 944 1167 1100 1231; x_wconf 86' lang='lat' dir='ltr'>addiderit</span> <span class='ocrx_word' id='word_1_67' title='bbox 1124 1170 1163 1229; x_wconf 89' lang='lat' dir='ltr'>ot</span> <span class='ocrx_word' id='word_1_68' title='bbox 1187 1186 1274 1248; x_wconf 89' lang='lat' dir='ltr'>qua·</span> 
     </span>
     <span class='ocr_line' id='line_1_9' title="bbox 127 1273 1274 1357; baseline 0 -21"><span class='ocrx_word' id='word_1_69' title='bbox 127 1273 309 1357; x_wconf 80' lang='lat' dir='ltr'>draginta</span> <span class='ocrx_word' id='word_1_70' title='bbox 337 1274 530 1338; x_wconf 91' lang='lat' dir='ltr'>noctibus</span> <span class='ocrx_word' id='word_1_71' title='bbox 561 1273 730 1354; x_wconf 88' lang='lat' dir='ltr'>quaeritur.</span> <span class='ocrx_word' id='word_1_72' title='bbox 755 1278 786 1338; x_wconf 88' lang='lat' dir='ltr'>et</span> <span class='ocrx_word' id='word_1_73' title='bbox 810 1273 909 1355; x_wconf 82' lang='lat' dir='ltr'>aliqui</span> <span class='ocrx_word' id='word_1_74' title='bbox 931 1275 977 1338; x_wconf 90' lang='lat' dir='ltr'>ita</span> <span class='ocrx_word' id='word_1_75' title='bbox 996 1278 1195 1355; x_wconf 87' lang='lat' dir='ltr'>acceperuut,</span> <span class='ocrx_word' id='word_1_76' title='bbox 1220 1274 1274 1354; x_wconf 94' lang='lat' dir='ltr'>qui</span> 
     </span>
     <span class='ocr_line' id='line_1_10' title="bbox 126 1379 1274 1456; baseline 0 -12"><span class='ocrx_word' id='word_1_77' title='bbox 126 1385 198 1444; x_wconf 86' lang='lat' dir='ltr'>ante</span> <span class='ocrx_word' id='word_1_78' title='bbox 226 1400 283 1445; x_wconf 91' lang='lat' dir='ltr'>nos</span> <span class='ocrx_word' id='word_1_79' title='bbox 312 1381 451 1456; x_wconf 78' lang='grc'><strong>3333333,</strong></span> <span class='ocrx_word' id='word_1_80' title='bbox 480 1382 517 1443; x_wconf 92' lang='lat' dir='ltr'>ut</span> <span class='ocrx_word' id='word_1_81' title='bbox 545 1383 577 1443; x_wconf 89' lang='lat' dir='ltr'>et</span> <span class='ocrx_word' id='word_1_82' title='bbox 607 1379 744 1445; x_wconf 88' lang='lat' dir='ltr'>uirorum</span> <span class='ocrx_word' id='word_1_83' title='bbox 773 1383 805 1443; x_wconf 89' lang='grc'>33</span> <span class='ocrx_word' id='word_1_84' title='bbox 828 1381 999 1443; x_wconf 90' lang='lat' dir='ltr'>mulierum</span> <span class='ocrx_word' id='word_1_85' title='bbox 1023 1380 1127 1444; x_wconf 85' lang='lat' dir='ltr'>factus</span> <span class='ocrx_word' id='word_1_86' title='bbox 1152 1380 1274 1444; x_wconf 92' lang='lat' dir='ltr'>diluuio</span> 
     </span>
     <span class='ocr_line' id='line_1_11' title="bbox 79 1486 1276 1570; baseline 0.001 -20"><span class='ocrx_word' id='word_1_87' title='bbox 79 1513 107 1550; x_wconf 82' lang='grc' dir='ltr'>ιο</span> <span class='ocrx_word' id='word_1_88' title='bbox 125 1488 272 1552; x_wconf 90' lang='lat' dir='ltr'>interitus</span> <span class='ocrx_word' id='word_1_89' title='bbox 302 1487 580 1562; x_wconf 78' lang='lat' dir='ltr'>demonstraretur,</span> <span class='ocrx_word' id='word_1_90' title='bbox 609 1486 693 1549; x_wconf 90' lang='lat' dir='ltr'>diem</span> <span class='ocrx_word' id='word_1_91' title='bbox 722 1486 761 1549; x_wconf 89' lang='lat' dir='ltr'>ad</span> <span class='ocrx_word' id='word_1_92' title='bbox 793 1487 897 1550; x_wconf 90' lang='lat' dir='ltr'>uirum</span> <span class='ocrx_word' id='word_1_93' title='bbox 930 1486 1112 1562; x_wconf 83' lang='lat' dir='ltr'>referentes,</span> <span class='ocrx_word' id='word_1_94' title='bbox 1146 1487 1199 1570; x_wconf 93' lang='lat' dir='ltr'>qui</span> <span class='ocrx_word' id='word_1_95' title='bbox 1232 1490 1276 1552; x_wconf 88' lang='lat' dir='ltr'>sit</span> 
     </span>
     <span class='ocr_line' id='line_1_12' title="bbox 125 1593 1274 1678; baseline 0.001 -21"><span class='ocrx_word' id='word_1_96' title='bbox 125 1595 241 1678; x_wconf 87' lang='lat' dir='ltr'>purior,</span> <span class='ocrx_word' id='word_1_97' title='bbox 263 1594 377 1659; x_wconf 87' lang='lat' dir='ltr'>similis</span> <span class='ocrx_word' id='word_1_98' title='bbox 397 1594 491 1670; x_wconf 91' lang='lat' dir='ltr'>lucis,</span> <span class='ocrx_word' id='word_1_99' title='bbox 511 1596 636 1657; x_wconf 90' lang='lat' dir='ltr'>noctem</span> <span class='ocrx_word' id='word_1_100' title='bbox 657 1593 695 1656; x_wconf 90' lang='lat' dir='ltr'>ad</span> <span class='ocrx_word' id='word_1_101' title='bbox 715 1593 892 1671; x_wconf 91' lang='lat' dir='ltr'>mulierem,</span> <span class='ocrx_word' id='word_1_102' title='bbox 912 1614 992 1677; x_wconf 90' lang='lat' dir='ltr'>qnae</span> <span class='ocrx_word' id='word_1_103' title='bbox 1011 1595 1079 1674; x_wconf 90' lang='lat' dir='ltr'>niro</span> <span class='ocrx_word' id='word_1_104' title='bbox 1100 1594 1274 1659; x_wconf 86' lang='lat' dir='ltr'>dormiente</span> 
     </span>
     <span class='ocr_line' id='line_1_13' title="bbox 126 1700 1319 1784; baseline -0.005 -18"><span class='ocrx_word' id='word_1_105' title='bbox 126 1708 230 1766; x_wconf 87' lang='lat' dir='ltr'>creata</span> <span class='ocrx_word' id='word_1_106' title='bbox 254 1700 454 1776; x_wconf 80' lang='lat' dir='ltr'>describitur,</span> <span class='ocrx_word' id='word_1_107' title='bbox 480 1700 576 1766; x_wconf 89' lang='lat' dir='ltr'>simul</span> <span class='ocrx_word' id='word_1_108' title='bbox 601 1700 675 1781; x_wconf 89' lang='lat' dir='ltr'>quia</span> <span class='ocrx_word' id='word_1_109' title='bbox 699 1700 748 1764; x_wconf 93' lang='lat' dir='ltr'>uir</span> <span class='ocrx_word' id='word_1_110' title='bbox 770 1700 855 1784; x_wconf 91' lang='lat' dir='ltr'>prior</span> <span class='ocrx_word' id='word_1_111' title='bbox 879 1701 969 1782; x_wconf 85' lang='lat' dir='ltr'>quasi</span> <span class='ocrx_word' id='word_1_112' title='bbox 993 1705 1113 1776; x_wconf 87' lang='lat' dir='ltr'>auctor,</span> <span class='ocrx_word' id='word_1_113' title='bbox 1138 1701 1191 1782; x_wconf 92' lang='lat' dir='ltr'>qni</span> <span class='ocrx_word' id='word_1_114' title='bbox 1212 1701 1274 1764; x_wconf 91' lang='lat' dir='ltr'>uir·</span> <span class='ocrx_word' id='word_1_115' title='bbox 1294 1708 1319 1760; x_wconf 87' lang='grc' dir='ltr'>Ι)</span> 
     </span>
     <span class='ocr_line' id='line_1_14' title="bbox 126 1807 1276 1890; baseline -0.001 -18"><span class='ocrx_word' id='word_1_116' title='bbox 126 1812 227 1872; x_wconf 87' lang='lat' dir='ltr'>tutem</span> <span class='ocrx_word' id='word_1_117' title='bbox 260 1811 391 1873; x_wconf 89' lang='lat' dir='ltr'>moueat</span> <span class='ocrx_word' id='word_1_118' title='bbox 422 1807 565 1871; x_wconf 86' lang='lat' dir='ltr'>mulieris</span> <span class='ocrx_word' id='word_1_119' title='bbox 599 1810 693 1889; x_wconf 89' lang='lat' dir='ltr'>atque</span> <span class='ocrx_word' id='word_1_120' title='bbox 729 1807 761 1871; x_wconf 86' lang='lat' dir='ltr'>in</span> <span class='ocrx_word' id='word_1_121' title='bbox 799 1811 909 1890; x_wconf 90' lang='lat' dir='ltr'>partus</span> <span class='ocrx_word' id='word_1_122' title='bbox 948 1808 1072 1887; x_wconf 83' lang='lat' dir='ltr'>excitet,</span> <span class='ocrx_word' id='word_1_123' title='bbox 1111 1812 1182 1872; x_wconf 86' lang='lat' dir='ltr'>actu</span> <span class='ocrx_word' id='word_1_124' title='bbox 1221 1808 1276 1871; x_wconf 87' lang='lat' dir='ltr'>illc</span> 
     </span>
     <span class='ocr_line' id='line_1_15' title="bbox 126 1913 1276 1996; baseline -0.003 -17"><span class='ocrx_word' id='word_1_125' title='bbox 126 1915 238 1980; x_wconf 85' lang='lat' dir='ltr'>clarior</span> <span class='ocrx_word' id='word_1_126' title='bbox 273 1914 416 1996; x_wconf 89' lang='lat' dir='ltr'>publico,</span> <span class='ocrx_word' id='word_1_127' title='bbox 449 1914 513 1978; x_wconf 88' lang='lat' dir='ltr'>ista</span> <span class='ocrx_word' id='word_1_128' title='bbox 552 1913 717 1978; x_wconf 91' lang='lat' dir='ltr'>obscurior</span> <span class='ocrx_word' id='word_1_129' title='bbox 753 1917 916 1996; x_wconf 88' lang='lat' dir='ltr'>tamquam</span> <span class='ocrx_word' id='word_1_130' title='bbox 950 1915 1134 1980; x_wconf 87' lang='lat' dir='ltr'>domesticis</span> <span class='ocrx_word' id='word_1_131' title='bbox 1168 1914 1276 1978; x_wconf 90' lang='lat' dir='ltr'>clausa</span> 
     </span>
     <span class='ocr_line' id='line_1_16' title="bbox 80 2020 1275 2104; baseline 0.001 -22"><span class='ocrx_word' id='word_1_132' title='bbox 80 2045 108 2083; x_wconf 75' lang='lat'>1⁵</span> <span class='ocrx_word' id='word_1_133' title='bbox 126 2022 301 2104; x_wconf 89' lang='lat' dir='ltr'>parietibus</span> <span class='ocrx_word' id='word_1_134' title='bbox 331 2025 363 2084; x_wconf 85' lang='lat' dir='ltr'>et</span> <span class='ocrx_word' id='word_1_135' title='bbox 389 2021 475 2085; x_wconf 93' lang='lat' dir='ltr'>nocti</span> <span class='ocrx_word' id='word_1_136' title='bbox 503 2020 655 2103; x_wconf 78' lang='lat' dir='ltr'>proxima,</span> <span class='ocrx_word' id='word_1_137' title='bbox 684 2021 822 2085; x_wconf 87' lang='lat' dir='ltr'>secundo</span> <span class='ocrx_word' id='word_1_138' title='bbox 852 2025 920 2086; x_wconf 87' lang='grc'><strong>3333</strong></span> <span class='ocrx_word' id='word_1_139' title='bbox 947 2023 1018 2087; x_wconf 87' lang='lat' dir='ltr'>loco</span> <span class='ocrx_word' id='word_1_140' title='bbox 1048 2024 1079 2085; x_wconf 88' lang='lat' dir='ltr'>et</span> <span class='ocrx_word' id='word_1_141' title='bbox 1107 2020 1275 2085; x_wconf 85' lang='lat' dir='ltr'>creationis</span> 
     </span>
     <span class='ocr_line' id='line_1_17' title="bbox 127 2126 1275 2211; baseline -0.003 -19"><span class='ocrx_word' id='word_1_142' title='bbox 127 2148 202 2193; x_wconf 90' lang='lat' dir='ltr'>suae</span> <span class='ocrx_word' id='word_1_143' title='bbox 226 2129 360 2192; x_wconf 88' lang='lat' dir='ltr'>formata</span> <span class='ocrx_word' id='word_1_144' title='bbox 384 2127 416 2190; x_wconf 91' lang='lat' dir='ltr'>in</span> <span class='ocrx_word' id='word_1_145' title='bbox 445 2130 534 2191; x_wconf 88' lang='lat' dir='ltr'>costa</span> <span class='ocrx_word' id='word_1_146' title='bbox 561 2126 622 2190; x_wconf 92' lang='lat' dir='ltr'>uiri</span> <span class='ocrx_word' id='word_1_147' title='bbox 652 2127 767 2191; x_wconf 88' lang='lat' dir='ltr'>debens</span> <span class='ocrx_word' id='word_1_148' title='bbox 798 2128 931 2211; x_wconf 86' lang='lat' dir='ltr'>gratiam</span> <span class='ocrx_word' id='word_1_149' title='bbox 960 2128 1124 2211; x_wconf 84' lang='lat' dir='ltr'>superiori,</span> <span class='ocrx_word' id='word_1_150' title='bbox 1154 2127 1275 2191; x_wconf 90' lang='lat' dir='ltr'>numeri</span> 
     </span>
     <span class='ocr_line' id='line_1_18' title="bbox 128 2234 1275 2318; baseline 0 -21"><span class='ocrx_word' id='word_1_151' title='bbox 128 2254 252 2317; x_wconf 89' lang='lat' dir='ltr'>quoqne</span> <span class='ocrx_word' id='word_1_152' title='bbox 271 2234 404 2316; x_wconf 91' lang='lat' dir='ltr'>potioris</span> <span class='ocrx_word' id='word_1_153' title='bbox 425 2234 559 2299; x_wconf 86' lang='lat' dir='ltr'>obnoxia</span> <span class='ocrx_word' id='word_1_154' title='bbox 577 2234 745 2318; x_wconf 85' lang='lat' dir='ltr'>priuilegio</span> <span class='ocrx_word' id='word_1_155' title='bbox 765 2238 797 2298; x_wconf 89' lang='lat' dir='ltr'>et</span> <span class='ocrx_word' id='word_1_156' title='bbox 815 2234 957 2317; x_wconf 89' lang='lat' dir='ltr'>pariendi</span> <span class='ocrx_word' id='word_1_157' title='bbox 977 2255 1038 2299; x_wconf 87' lang='lat' dir='ltr'>usu</span> <span class='ocrx_word' id='word_1_158' title='bbox 1057 2234 1275 2299; x_wconf 88' lang='lat' dir='ltr'>materialibus</span> 
     </span>
     <span class='ocr_line' id='line_1_19' title="bbox 128 2340 1273 2424; baseline -0.003 -18"><span class='ocrx_word' id='word_1_159' title='bbox 128 2340 346 2424; x_wconf 87' lang='lat' dir='ltr'>comparanda.</span> <span class='ocrx_word' id='word_1_160' title='bbox 376 2360 553 2405; x_wconf 89' lang='lat' dir='ltr'>consonans</span> <span class='ocrx_word' id='word_1_161' title='bbox 582 2345 688 2405; x_wconf 89' lang='lat' dir='ltr'>autern</span> <span class='ocrx_word' id='word_1_162' title='bbox 717 2341 748 2404; x_wconf 92' lang='lat' dir='ltr'>in</span> <span class='ocrx_word' id='word_1_163' title='bbox 778 2345 914 2424; x_wconf 91' lang='lat' dir='ltr'>utroque</span> <span class='ocrx_word' id='word_1_164' title='bbox 946 2361 1097 2406; x_wconf 91' lang='lat' dir='ltr'>numerus</span> <span class='ocrx_word' id='word_1_165' title='bbox 1131 2341 1273 2424; x_wconf 87' lang='lat' dir='ltr'>periculi,</span> 
     </span>
     <span class='ocr_line' id='line_1_20' title="bbox 129 2448 1277 2530; baseline -0.001 -19"><span class='ocrx_word' id='word_1_166' title='bbox 129 2449 202 2530; x_wconf 91' lang='lat' dir='ltr'>quia</span> <span class='ocrx_word' id='word_1_167' title='bbox 224 2452 355 2530; x_wconf 86' lang='lat' dir='ltr'>peccata</span> <span class='ocrx_word' id='word_1_168' title='bbox 379 2448 474 2511; x_wconf 87' lang='lat' dir='ltr'>etiam</span> <span class='ocrx_word' id='word_1_169' title='bbox 499 2448 713 2522; x_wconf 86' lang='lat' dir='ltr'>consonantia,</span> <span class='ocrx_word' id='word_1_170' title='bbox 738 2448 914 2530; x_wconf 87' lang='lat' dir='ltr'>meritoque</span> <span class='ocrx_word' id='word_1_171' title='bbox 939 2469 999 2512; x_wconf 93' lang='lat' dir='ltr'>non</span> <span class='ocrx_word' id='word_1_172' title='bbox 1024 2448 1144 2512; x_wconf 87' lang='lat' dir='ltr'>distant</span> <span class='ocrx_word' id='word_1_173' title='bbox 1174 2448 1277 2530; x_wconf 87' lang='lat' dir='ltr'>spatia</span> 
     </span>
     <span class='ocr_line' id='line_1_21' title="bbox 82 2554 1320 2637; baseline -0.003 -21"><span class='ocrx_word' id='word_1_174' title='bbox 82 2579 109 2617; x_wconf 80' lang='lat' dir='ltr'>ro</span> <span class='ocrx_word' id='word_1_175' title='bbox 127 2559 315 2637; x_wconf 90' lang='lat' dir='ltr'>temporum,</span> <span class='ocrx_word' id='word_1_176' title='bbox 341 2554 415 2636; x_wconf 94' lang='lat' dir='ltr'>quia</span> <span class='ocrx_word' id='word_1_177' title='bbox 438 2574 498 2618; x_wconf 92' lang='lat' dir='ltr'>uon</span> <span class='ocrx_word' id='word_1_178' title='bbox 523 2554 643 2618; x_wconf 90' lang='lat' dir='ltr'>distant</span> <span class='ocrx_word' id='word_1_179' title='bbox 665 2555 779 2618; x_wconf 86' lang='lat' dir='ltr'>merit-a</span> <span class='ocrx_word' id='word_1_180' title='bbox 802 2555 1001 2619; x_wconf 88' lang='lat' dir='ltr'>delictorum.</span> <span class='ocrx_word' id='word_1_181' title='bbox 1299 2560 1320 2612; x_wconf 79' lang='lat' dir='ltr'>l}</span> 
     </span>
     <span class='ocr_line' id='line_1_22' title="bbox 35 2660 1276 2744; baseline -0.005 -15"><span class='ocrx_word' id='word_1_182' title='bbox 35 2668 81 2729; x_wconf 78' lang='grc'>44</span> <span class='ocrx_word' id='word_1_183' title='bbox 173 2660 242 2726; x_wconf 92' lang='lat' dir='ltr'>Non</span> <span class='ocrx_word' id='word_1_184' title='bbox 267 2661 469 2726; x_wconf 89' lang='lat' dir='ltr'>mediocriter</span> <span class='ocrx_word' id='word_1_185' title='bbox 492 2661 586 2724; x_wconf 89' lang='lat' dir='ltr'>etiam</span> <span class='ocrx_word' id='word_1_186' title='bbox 611 2663 793 2726; x_wconf 88' lang='lat' dir='ltr'>scrutantur</span> <span class='ocrx_word' id='word_1_187' title='bbox 814 2661 958 2744; x_wconf 87' lang='lat' dir='ltr'>plerique</span> <span class='ocrx_word' id='word_1_188' title='bbox 982 2681 1045 2743; x_wconf 91' lang='lat' dir='ltr'>qua</span> <span class='ocrx_word' id='word_1_189' title='bbox 1062 2661 1182 2725; x_wconf 88' lang='lat' dir='ltr'>ratione</span> <span class='ocrx_word' id='word_1_190' title='bbox 1201 2680 1276 2743; x_wconf 91' lang='lat' dir='ltr'>qua·</span> 
     </span>
     <span class='ocr_line' id='line_1_23' title="bbox 129 2765 1275 2850; baseline 0.002 -22"><span class='ocrx_word' id='word_1_191' title='bbox 129 2765 272 2850; x_wconf 84' lang='lat' dir='ltr'>draginta</span> <span class='ocrx_word' id='word_1_192' title='bbox 297 2767 364 2833; x_wconf 89' lang='lat' dir='ltr'>dies</span> <span class='ocrx_word' id='word_1_193' title='bbox 390 2767 547 2831; x_wconf 88' lang='lat' dir='ltr'>diluuium</span> <span class='ocrx_word' id='word_1_194' title='bbox 570 2767 676 2833; x_wconf 89' lang='lat' dir='ltr'>fuerit.</span> <span class='ocrx_word' id='word_1_195' title='bbox 701 2770 734 2832; x_wconf 90' lang='grc'>33</span> <span class='ocrx_word' id='word_1_196' title='bbox 756 2786 929 2848; x_wconf 86' lang='lat' dir='ltr'>possumus</span> <span class='ocrx_word' id='word_1_197' title='bbox 954 2768 1056 2831; x_wconf 88' lang='lat' dir='ltr'>dicere</span> <span class='ocrx_word' id='word_1_198' title='bbox 1080 2768 1275 2833; x_wconf 85' lang='lat' dir='ltr'>materialem</span> 
     </span>
     <span class='ocr_line' id='line_1_24' title="bbox 129 2874 1275 2958; baseline 0.001 -22"><span class='ocrx_word' id='word_1_199' title='bbox 129 2893 294 2938; x_wconf 89' lang='lat' dir='ltr'>nnmerum</span> <span class='ocrx_word' id='word_1_200' title='bbox 318 2874 527 2952; x_wconf 87' lang='lat' dir='ltr'>tristioribus,</span> <span class='ocrx_word' id='word_1_201' title='bbox 551 2875 611 2938; x_wconf 91' lang='lat' dir='ltr'>lroc</span> <span class='ocrx_word' id='word_1_202' title='bbox 637 2878 686 2939; x_wconf 89' lang='lat' dir='ltr'>est</span> <span class='ocrx_word' id='word_1_203' title='bbox 709 2874 860 2939; x_wconf 88' lang='lat' dir='ltr'>delendae</span> <span class='ocrx_word' id='word_1_204' title='bbox 885 2880 1047 2939; x_wconf 88' lang='lat' dir='ltr'>creaturae</span> <span class='ocrx_word' id='word_1_205' title='bbox 1077 2876 1275 2958; x_wconf 88' lang='lat' dir='ltr'>deputatum,</span> 
     </span>
     <span class='ocr_line' id='line_1_25' title="bbox 128 2979 1275 3057; baseline 0.001 -14"><span class='ocrx_word' id='word_1_206' title='bbox 128 2979 304 3045; x_wconf 88' lang='lat' dir='ltr'>ebdomada</span> <span class='ocrx_word' id='word_1_207' title='bbox 333 2986 440 3046; x_wconf 90' lang='lat' dir='ltr'>autem</span> <span class='ocrx_word' id='word_1_208' title='bbox 469 2981 691 3046; x_wconf 88' lang='lat' dir='ltr'>constitutioni</span> <span class='ocrx_word' id='word_1_209' title='bbox 722 2982 822 3046; x_wconf 87' lang='lat' dir='ltr'>totins</span> <span class='ocrx_word' id='word_1_210' title='bbox 852 2982 973 3057; x_wconf 88' lang='lat' dir='ltr'>mnndi,</span> <span class='ocrx_word' id='word_1_211' title='bbox 1001 2983 1060 3045; x_wconf 90' lang='lat' dir='ltr'>hoc</span> <span class='ocrx_word' id='word_1_212' title='bbox 1090 2987 1140 3047; x_wconf 90' lang='lat' dir='ltr'>est</span> <span class='ocrx_word' id='word_1_213' title='bbox 1167 2981 1275 3045; x_wconf 89' lang='lat' dir='ltr'>laetio-</span> 
     </span>
     <span class='ocr_line' id='line_1_26' title="bbox 83 3087 1278 3173; baseline 0.003 -25"><span class='ocrx_word' id='word_1_214' title='bbox 83 3087 225 3153; x_wconf 73' lang='lat' dir='ltr'>aribus.</span> <span class='ocrx_word' id='word_1_215' title='bbox 258 3087 315 3152; x_wconf 89' lang='lat' dir='ltr'>sed</span> <span class='ocrx_word' id='word_1_216' title='bbox 342 3089 478 3153; x_wconf 79' lang='lat' dir='ltr'>fortasse</span> <span class='ocrx_word' id='word_1_217' title='bbox 506 3088 621 3152; x_wconf 85' lang='lat' dir='ltr'>referat</span> <span class='ocrx_word' id='word_1_218' title='bbox 649 3087 725 3169; x_wconf 92' lang='lat' dir='ltr'>quid</span> <span class='ocrx_word' id='word_1_219' title='bbox 754 3088 838 3170; x_wconf 94' lang='lat' dir='ltr'>quod</span> <span class='ocrx_word' id='word_1_220' title='bbox 867 3089 962 3153; x_wconf 86' lang='lat' dir='ltr'>etiam</span> <span class='ocrx_word' id='word_1_221' title='bbox 991 3091 1040 3153; x_wconf 86' lang='lat' dir='ltr'>lor</span> <span class='ocrx_word' id='word_1_222' title='bbox 1069 3089 1278 3173; x_wconf 85' lang='lat' dir='ltr'>quadraginta</span> 
     </span>
    </p>
   </div>
   <div class='ocr_carea' id='block_1_3' title="bbox 218 3280 1367 3385">
    <p class='ocr_par' dir='ltr' id='par_1_3' title="bbox 218 3280 1367 3385">
     <span class='ocr_line' id='line_1_27' title="bbox 218 3280 1367 3385; baseline 0.003 -18"><span class='ocrx_word' id='word_1_223' title='bbox 218 3313 235 3367; x_wconf 85' lang='grc'>3</span> <span class='ocrx_word' id='word_1_224' title='bbox 250 3318 278 3368; x_wconf 75' lang='lat' dir='ltr'>et</span> <span class='ocrx_word' id='word_1_225' title='bbox 291 3316 322 3367; x_wconf 86' lang='lat'>21</span> <span class='ocrx_word' id='word_1_226' title='bbox 339 3313 418 3367; x_wconf 81' lang='grc'><strong>3333</strong></span> <span class='ocrx_word' id='word_1_227' title='bbox 430 3313 539 3380; x_wconf 72' lang='lat' dir='ltr'>blaesa.</span> <span class='ocrx_word' id='word_1_228' title='bbox 550 3314 577 3368; x_wconf 91' lang='lat'>11</span> <span class='ocrx_word' id='word_1_229' title='bbox 590 3316 621 3368; x_wconf 79' lang='grc'>33</span> <span class='ocrx_word' id='word_1_230' title='bbox 661 3316 691 3368; x_wconf 89' lang='grc'>33</span> <span class='ocrx_word' id='word_1_231' title='bbox 709 3319 736 3367; x_wconf 76' lang='lat' dir='ltr'>a</span> <span class='ocrx_word' id='word_1_232' title='bbox 752 3314 861 3369; x_wconf 69' lang='lat' dir='ltr'>rouen.</span> <span class='ocrx_word' id='word_1_233' title='bbox 878 3318 945 3375; x_wconf 76' lang='lat' dir='ltr'>aar</span> <span class='ocrx_word' id='word_1_234' title='bbox 959 3333 999 3385; x_wconf 71' lang='lat' dir='ltr'>aq.</span> <span class='ocrx_word' id='word_1_235' title='bbox 1037 3317 1071 3369; x_wconf 74' lang='lat' dir='ltr'>aa</span> <span class='ocrx_word' id='word_1_236' title='bbox 1087 3315 1170 3369; x_wconf 74' lang='grc'><strong>333.</strong></span> <span class='ocrx_word' id='word_1_237' title='bbox 1185 3316 1227 3378; x_wconf 76' lang='lat' dir='ltr'>an,</span> <span class='ocrx_word' id='word_1_238' title='bbox 1239 3320 1273 3370; x_wconf 76' lang='lat' dir='ltr'>aa</span> <span class='ocrx_word' id='word_1_239' title='bbox 1338 3280 1341 3282; x_wconf 51' lang='grc'><strong>’</strong></span> <span class='ocrx_word' id='word_1_240' title='bbox 1359 3309 1367 3333; x_wconf 70' lang='lat'><em>*</em></span> 
     </span>
    </p>
   </div>
   <div class='ocr_carea' id='block_1_4' title="bbox 75 3438 1281 4310">
    <p class='ocr_par' dir='ltr' id='par_1_4' title="bbox 75 3438 1279 3506">
     <span class='ocr_line' id='line_1_28' title="bbox 75 3438 1279 3506; baseline 0.001 -15"><span class='ocrx_word' id='word_1_241' title='bbox 75 3459 80 3472; x_wconf 91' lang='lat'><strong>·</strong></span> <span class='ocrx_word' id='word_1_242' title='bbox 165 3439 418 3492; x_wconf 86' lang='lat' dir='ltr'>3anobisitaB</span> <span class='ocrx_word' id='word_1_243' title='bbox 454 3438 580 3492; x_wconf 80' lang='lat' dir='ltr'>5·xxx·</span> <span class='ocrx_word' id='word_1_244' title='bbox 599 3439 655 3492; x_wconf 87' lang='lat' dir='ltr'>PT</span> <span class='ocrx_word' id='word_1_245' title='bbox 690 3438 1072 3506; x_wconf 78' lang='lat' dir='ltr'>6fnissetP(te.u.rn2)</span> <span class='ocrx_word' id='word_1_246' title='bbox 1112 3440 1206 3493; x_wconf 80' lang='lat' dir='ltr'><strong>7·XL·</strong></span> <span class='ocrx_word' id='word_1_247' title='bbox 1224 3439 1279 3492; x_wconf 90' lang='lat' dir='ltr'>PT</span> 
     </span>
    </p>

    <p class='ocr_par' dir='ltr' id='par_1_5' title="bbox 165 3526 1276 3596">
     <span class='ocr_line' id='line_1_29' title="bbox 165 3526 1276 3596; baseline 0.001 -16"><span class='ocrx_word' id='word_1_248' title='bbox 165 3526 261 3580; x_wconf 81' lang='lat' dir='ltr'>XXXX</span> <span class='ocrx_word' id='word_1_249' title='bbox 280 3528 308 3580; x_wconf 93' lang='lat' dir='ltr'><em>P</em></span> <span class='ocrx_word' id='word_1_250' title='bbox 325 3529 466 3596; x_wconf 82' lang='lat' dir='ltr'>(quartum</span> <span class='ocrx_word' id='word_1_251' title='bbox 484 3528 507 3580; x_wconf 86' lang='grc' dir='ltr'>Χ</span> <span class='ocrx_word' id='word_1_252' title='bbox 528 3527 594 3584; x_wconf 75' lang='lat' dir='ltr'>add.</span> <span class='ocrx_word' id='word_1_253' title='bbox 613 3529 669 3595; x_wconf 82' lang='lat' dir='ltr'>m2)</span> <span class='ocrx_word' id='word_1_254' title='bbox 689 3528 751 3581; x_wconf 85' lang='lat' dir='ltr'><strong>·XL·</strong></span> <span class='ocrx_word' id='word_1_255' title='bbox 777 3529 801 3581; x_wconf 85' lang='grc' dir='ltr'><em>Τ</em></span> <span class='ocrx_word' id='word_1_256' title='bbox 894 3529 924 3583; x_wconf 87' lang='lat' dir='ltr'>ll</span> <span class='ocrx_word' id='word_1_257' title='bbox 945 3529 1013 3582; x_wconf 85' lang='lat' dir='ltr'>lucis</span> <span class='ocrx_word' id='word_1_258' title='bbox 1032 3529 1059 3581; x_wconf 89' lang='lat' dir='ltr'><em>P</em></span> <span class='ocrx_word' id='word_1_259' title='bbox 1076 3529 1100 3596; x_wconf 88' lang='lat' dir='ltr'>(s</span> <span class='ocrx_word' id='word_1_260' title='bbox 1120 3533 1201 3593; x_wconf 74' lang='lat' dir='ltr'>errae.)</span> <span class='ocrx_word' id='word_1_261' title='bbox 1222 3529 1276 3582; x_wconf 92' lang='lat' dir='ltr'>luci</span> 
     </span>
    </p>

    <p class='ocr_par' dir='ltr' id='par_1_6' title="bbox 133 3615 1276 3672">
     <span class='ocr_line' id='line_1_30' title="bbox 133 3615 1276 3672; baseline 0.003 -5"><span class='ocrx_word' id='word_1_262' title='bbox 133 3615 193 3668; x_wconf 66' lang='lat' dir='ltr'>PB</span> <span class='ocrx_word' id='word_1_263' title='bbox 262 3618 293 3670; x_wconf 82' lang='lat'>12</span> <span class='ocrx_word' id='word_1_264' title='bbox 312 3616 352 3669; x_wconf 84' lang='lat' dir='ltr'>ita</span> <span class='ocrx_word' id='word_1_265' title='bbox 371 3620 462 3669; x_wconf 88' lang='lat' dir='ltr'>creata</span> <span class='ocrx_word' id='word_1_266' title='bbox 480 3617 507 3669; x_wconf 91' lang='lat' dir='ltr'><em>B</em></span> <span class='ocrx_word' id='word_1_267' title='bbox 579 3616 716 3670; x_wconf 71' lang='lat' dir='ltr'>annul-T</span> <span class='ocrx_word' id='word_1_268' title='bbox 784 3618 815 3671; x_wconf 87' lang='grc'>13</span> <span class='ocrx_word' id='word_1_269' title='bbox 835 3621 912 3671; x_wconf 88' lang='lat' dir='ltr'>actus</span> <span class='ocrx_word' id='word_1_270' title='bbox 935 3617 961 3670; x_wconf 88' lang='lat' dir='ltr'><em>T</em></span> <span class='ocrx_word' id='word_1_271' title='bbox 977 3622 1057 3670; x_wconf 88' lang='lat' dir='ltr'>auctu</span> <span class='ocrx_word' id='word_1_272' title='bbox 1078 3616 1109 3669; x_wconf 88' lang='lat' dir='ltr'><em>N</em></span> <span class='ocrx_word' id='word_1_273' title='bbox 1181 3619 1214 3672; x_wconf 74' lang='lat'>15</span> <span class='ocrx_word' id='word_1_274' title='bbox 1234 3634 1276 3670; x_wconf 87' lang='lat' dir='ltr'>se·</span> 
     </span>
    </p>

    <p class='ocr_par' dir='ltr' id='par_1_7' title="bbox 130 3704 1277 3775">
     <span class='ocr_line' id='line_1_31' title="bbox 130 3704 1277 3775; baseline 0.002 -19"><span class='ocrx_word' id='word_1_275' title='bbox 130 3704 217 3768; x_wconf 79' lang='lat' dir='ltr'>cunda</span> <span class='ocrx_word' id='word_1_276' title='bbox 236 3705 263 3758; x_wconf 92' lang='lat' dir='ltr'><strong><em>P</em></strong></span> <span class='ocrx_word' id='word_1_277' title='bbox 281 3710 308 3770; x_wconf 91' lang='lat' dir='ltr'>(o</span> <span class='ocrx_word' id='word_1_278' title='bbox 325 3722 347 3759; x_wconf 84' lang='grc'>3,</span> <span class='ocrx_word' id='word_1_279' title='bbox 368 3711 393 3770; x_wconf 80' lang='lat' dir='ltr'>a)</span> <span class='ocrx_word' id='word_1_280' title='bbox 491 3706 524 3758; x_wconf 91' lang='grc'>16</span> <span class='ocrx_word' id='word_1_281' title='bbox 543 3710 619 3759; x_wconf 84' lang='grc'><strong>33333</strong></span> <span class='ocrx_word' id='word_1_282' title='bbox 636 3706 737 3774; x_wconf 62' lang='lat' dir='ltr'>scripsi</span> <span class='ocrx_word' id='word_1_283' title='bbox 755 3710 858 3760; x_wconf 84' lang='lat' dir='ltr'>costam</span> <span class='ocrx_word' id='word_1_284' title='bbox 880 3706 945 3760; x_wconf 80' lang='lat' dir='ltr'>libri</span> <span class='ocrx_word' id='word_1_285' title='bbox 1054 3711 1081 3759; x_wconf 84' lang='lat' dir='ltr'>et</span> <span class='ocrx_word' id='word_1_286' title='bbox 1100 3706 1231 3775; x_wconf 86' lang='lat' dir='ltr'>superiori</span> <span class='ocrx_word' id='word_1_287' title='bbox 1251 3706 1277 3758; x_wconf 92' lang='lat' dir='ltr'><em>B</em></span> 
     </span>
    </p>

    <p class='ocr_par' dir='ltr' id='par_1_8' title="bbox 166 3794 1275 3863">
     <span class='ocr_line' id='line_1_32' title="bbox 166 3794 1275 3863; baseline 0.002 -17"><span class='ocrx_word' id='word_1_288' title='bbox 166 3795 268 3848; x_wconf 82' lang='lat' dir='ltr'>numeri</span> <span class='ocrx_word' id='word_1_289' title='bbox 286 3794 317 3857; x_wconf 88' lang='lat' dir='ltr'>T,</span> <span class='ocrx_word' id='word_1_290' title='bbox 333 3810 383 3847; x_wconf 88' lang='lat' dir='ltr'>om.</span> <span class='ocrx_word' id='word_1_291' title='bbox 405 3801 451 3849; x_wconf 85' lang='lat' dir='ltr'>cet.</span> <span class='ocrx_word' id='word_1_292' title='bbox 510 3795 541 3847; x_wconf 84' lang='grc'>18</span> <span class='ocrx_word' id='word_1_293' title='bbox 561 3798 651 3848; x_wconf 83' lang='lat' dir='ltr'>nutem</span> <span class='ocrx_word' id='word_1_294' title='bbox 671 3812 721 3849; x_wconf 88' lang='lat' dir='ltr'>om.</span> <span class='ocrx_word' id='word_1_295' title='bbox 737 3795 769 3848; x_wconf 89' lang='lat' dir='ltr'><em>N</em></span> <span class='ocrx_word' id='word_1_296' title='bbox 823 3796 854 3848; x_wconf 88' lang='grc'>19</span> <span class='ocrx_word' id='word_1_297' title='bbox 873 3812 912 3863; x_wconf 84' lang='lat' dir='ltr'>eq.</span> <span class='ocrx_word' id='word_1_298' title='bbox 932 3795 1037 3848; x_wconf 89' lang='lat' dir='ltr'>distant</span> <span class='ocrx_word' id='word_1_299' title='bbox 1051 3796 1078 3848; x_wconf 90' lang='lat' dir='ltr'><em>P</em></span> <span class='ocrx_word' id='word_1_300' title='bbox 1097 3796 1117 3855; x_wconf 80' lang='lat' dir='ltr'>(i</span> <span class='ocrx_word' id='word_1_301' title='bbox 1136 3812 1169 3848; x_wconf 83' lang='lat' dir='ltr'>ar</span> <span class='ocrx_word' id='word_1_302' title='bbox 1188 3813 1201 3847; x_wconf 84' lang='lat' dir='ltr'>e</span> <span class='ocrx_word' id='word_1_303' title='bbox 1218 3799 1275 3853; x_wconf 73' lang='lat' dir='ltr'>m2r</span> 
     </span>
    </p>

    <p class='ocr_par' dir='ltr' id='par_1_9' title="bbox 130 3882 1276 3950">
     <span class='ocr_line' id='line_1_33' title="bbox 130 3882 1276 3950; baseline 0.003 -16"><span class='ocrx_word' id='word_1_304' title='bbox 130 3882 165 3935; x_wconf 86' lang='grc'>20</span> <span class='ocrx_word' id='word_1_305' title='bbox 179 3889 244 3950; x_wconf 80' lang='lat' dir='ltr'>poet</span> <span class='ocrx_word' id='word_1_306' title='bbox 263 3883 423 3937; x_wconf 85' lang='lat' dir='ltr'>delictorum</span> <span class='ocrx_word' id='word_1_307' title='bbox 444 3884 509 3937; x_wconf 83' lang='lat' dir='ltr'>add.</span> <span class='ocrx_word' id='word_1_308' title='bbox 529 3884 577 3937; x_wconf 74' lang='lat' dir='ltr'>DS</span> <span class='ocrx_word' id='word_1_309' title='bbox 596 3884 643 3937; x_wconf 79' lang='lat' dir='ltr'>XL</span> <span class='ocrx_word' id='word_1_310' title='bbox 663 3884 795 3938; x_wconf 83' lang='lat' dir='ltr'><strong>DIEBUS</strong></span> <span class='ocrx_word' id='word_1_311' title='bbox 815 3885 870 3937; x_wconf 83' lang='lat' dir='ltr'>PT</span> <span class='ocrx_word' id='word_1_312' title='bbox 932 3886 964 3938; x_wconf 69' lang='lat'>‘21</span> <span class='ocrx_word' id='word_1_313' title='bbox 984 3885 1049 3938; x_wconf 81' lang='lat' dir='ltr'>inde</span> <span class='ocrx_word' id='word_1_314' title='bbox 1069 3903 1087 3937; x_wconf 86' lang='lat' dir='ltr'>a</span> <span class='ocrx_word' id='word_1_315' title='bbox 1105 3885 1196 3938; x_wconf 77' lang='lat' dir='ltr'>uerbis</span> <span class='ocrx_word' id='word_1_316' title='bbox 1214 3884 1276 3937; x_wconf 85' lang='lat' dir='ltr'>Non</span> 
     </span>
    </p>

    <p class='ocr_par' dir='ltr' id='par_1_10' title="bbox 131 3969 1275 4040">
     <span class='ocr_line' id='line_1_34' title="bbox 131 3969 1275 4040; baseline 0.004 -18"><span class='ocrx_word' id='word_1_317' title='bbox 131 3969 301 4025; x_wconf 86' lang='lat' dir='ltr'>mediocriter</span> <span class='ocrx_word' id='word_1_318' title='bbox 320 3973 459 4040; x_wconf 77' lang='lat' dir='ltr'>incipiant</span> <span class='ocrx_word' id='word_1_319' title='bbox 478 3972 575 4026; x_wconf 73' lang='lat' dir='ltr'>Doni.</span> <span class='ocrx_word' id='word_1_320' title='bbox 595 3972 730 4027; x_wconf 82' lang='lat' dir='ltr'><strong>INCIPIT</strong></span> <span class='ocrx_word' id='word_1_321' title='bbox 748 3974 794 4026; x_wconf 85' lang='lat' dir='ltr'>DE</span> <span class='ocrx_word' id='word_1_322' title='bbox 808 3973 883 4028; x_wconf 77' lang='grc' dir='ltr'>ΝΘΕ</span> <span class='ocrx_word' id='word_1_323' title='bbox 898 3973 942 4027; x_wconf 80' lang='grc' dir='ltr'>ΕΤ</span> <span class='ocrx_word' id='word_1_324' title='bbox 958 3973 1079 4028; x_wconf 78' lang='lat' dir='ltr'>nuella</span> <span class='ocrx_word' id='word_1_325' title='bbox 1095 3974 1124 4026; x_wconf 89' lang='lat' dir='ltr'><em>D</em></span> <span class='ocrx_word' id='word_1_326' title='bbox 1138 3973 1275 4028; x_wconf 72' lang='lat' dir='ltr'><strong>INCIPIT</strong></span> 
     </span>
    </p>

    <p class='ocr_par' dir='ltr' id='par_1_11' title="bbox 130 4059 1274 4129">
     <span class='ocr_line' id='line_1_35' title="bbox 130 4059 1274 4129; baseline 0.003 -18"><span class='ocrx_word' id='word_1_327' title='bbox 130 4059 238 4112; x_wconf 86' lang='lat' dir='ltr'><strong>LIBER</strong></span> <span class='ocrx_word' id='word_1_328' title='bbox 257 4059 410 4115; x_wconf 81' lang='lat' dir='ltr'><strong>TERTIUS</strong></span> <span class='ocrx_word' id='word_1_329' title='bbox 426 4060 485 4114; x_wconf 85' lang='lat' dir='ltr'>Cet</span> <span class='ocrx_word' id='word_1_330' title='bbox 500 4063 559 4129; x_wconf 79' lang='lat' dir='ltr'>(qai</span> <span class='ocrx_word' id='word_1_331' title='bbox 573 4061 639 4115; x_wconf 84' lang='lat' dir='ltr'>add.</span> <span class='ocrx_word' id='word_1_332' title='bbox 660 4062 723 4128; x_wconf 85' lang='lat' dir='ltr'>QUI</span> <span class='ocrx_word' id='word_1_333' title='bbox 743 4063 850 4116; x_wconf 81' lang='lat' dir='ltr'>LlBER</span> <span class='ocrx_word' id='word_1_334' title='bbox 870 4061 934 4117; x_wconf 82' lang='lat' dir='ltr'>EST</span> <span class='ocrx_word' id='word_1_335' title='bbox 953 4063 1002 4116; x_wconf 83' lang='lat' dir='ltr'>DE</span> <span class='ocrx_word' id='word_1_336' title='bbox 1022 4062 1107 4128; x_wconf 76' lang='lat' dir='ltr'>NOE)</span> <span class='ocrx_word' id='word_1_337' title='bbox 1123 4063 1159 4115; x_wconf 87' lang='grc' dir='ltr'><em>Μ</em></span> <span class='ocrx_word' id='word_1_338' title='bbox 1213 4062 1274 4114; x_wconf 62' lang='lat' dir='ltr'>ull„¹</span> 
     </span>
    </p>

    <p class='ocr_par' dir='ltr' id='par_1_12' title="bbox 130 4149 1281 4310">
     <span class='ocr_line' id='line_1_36' title="bbox 130 4149 1281 4221; baseline 0.002 -20"><span class='ocrx_word' id='word_1_339' title='bbox 130 4149 334 4221; x_wconf 67' lang='lat' dir='ltr'>proniorem</span> <span class='ocrx_word' id='word_1_340' title='bbox 352 4168 380 4203; x_wconf 84' lang='grc'>3.</span> <span class='ocrx_word' id='word_1_341' title='bbox 400 4154 440 4203; x_wconf 77' lang='lat'>25</span> <span class='ocrx_word' id='word_1_342' title='bbox 459 4157 528 4219; x_wconf 83' lang='lat' dir='ltr'>etp.</span> <span class='ocrx_word' id='word_1_343' title='bbox 546 4155 613 4214; x_wconf 82' lang='grc'><strong>442,</strong></span> <span class='ocrx_word' id='word_1_344' title='bbox 632 4155 658 4205; x_wconf 72' lang='grc'>71</span> <span class='ocrx_word' id='word_1_345' title='bbox 718 4154 753 4205; x_wconf 89' lang='grc'>24</span> <span class='ocrx_word' id='word_1_346' title='bbox 773 4151 950 4206; x_wconf 88' lang='lat' dir='ltr'>ebdomadam</span> <span class='ocrx_word' id='word_1_347' title='bbox 973 4151 1030 4205; x_wconf 57' lang='lat' dir='ltr'>Tr*</span> <span class='ocrx_word' id='word_1_348' title='bbox 1051 4151 1228 4221; x_wconf 87' lang='lat' dir='ltr'>epdomadam</span> <span class='ocrx_word' id='word_1_349' title='bbox 1248 4151 1281 4203; x_wconf 81' lang='lat' dir='ltr'><em>N</em></span> 
     </span>
     <span class='ocr_line' id='line_1_37' title="bbox 166 4238 974 4310; baseline 0.005 -20"><span class='ocrx_word' id='word_1_350' title='bbox 166 4238 258 4291; x_wconf 88' lang='lat' dir='ltr'>mundi</span> <span class='ocrx_word' id='word_1_351' title='bbox 279 4240 363 4293; x_wconf 86' lang='lat' dir='ltr'>totius</span> <span class='ocrx_word' id='word_1_352' title='bbox 383 4240 415 4293; x_wconf 90' lang='lat' dir='ltr'><em>N</em></span> <span class='ocrx_word' id='word_1_353' title='bbox 467 4241 501 4294; x_wconf 84' lang='grc'>25</span> <span class='ocrx_word' id='word_1_354' title='bbox 520 4240 620 4294; x_wconf 79' lang='lat' dir='ltr'>reserat</span> <span class='ocrx_word' id='word_1_355' title='bbox 638 4241 738 4310; x_wconf 64' lang='lat' dir='ltr'>scripsi</span> <span class='ocrx_word' id='word_1_356' title='bbox 756 4240 889 4295; x_wconf 79' lang='lat' dir='ltr'>referat-ur</span> <span class='ocrx_word' id='word_1_357' title='bbox 908 4241 974 4295; x_wconf 75' lang='lat' dir='ltr'>libri</span> 
     </span>
    </p>
   </div>
   <div class='ocr_carea' id='block_1_5' title="bbox 0 0 1422 4822">
    <p class='ocr_par' dir='ltr' id='par_1_13' title="bbox 0 0 1422 4822">
     <span class='ocr_line' id='line_1_38' title="bbox 0 0 1422 4822; baseline 0 2"><span class='ocrx_word' id='word_1_358' title='bbox 0 0 1422 4822; x_wconf 95' lang='lat' dir='ltr'> </span> 
     </span>
    </p>
   </div>
  </div>
 </body>
</html>
