2836 4822
156 337 218 400 180
623 331 822 386 Ambrosii

154 533 203 595 est
232 529 316 594 enim
344 532 409 593 tam
437 529 541 607 facile,
572 529 647 611 quin
676 528 790 592 lrabeat
819 527 1051 602 difficultatem,
1081 548 1176 611 quom
1200 531 1297 595 facias

150 637 281 701 inuitus.
312 655 387 720 ergo
417 639 449 700 et
476 636 560 719 iugis
589 636 679 700 labor
706 635 824 698 auertit
851 634 1000 699 allectum
1029 639 1061 700 et
1089 637 1239 701 continua
1263 656 1299 702 ac

151 743 300 807 diuturna
324 743 465 824 potentia
490 743 594 826 gignit
615 741 827 806 insolentiam.
848 761 941 823 quem
961 742 1104 806 inuenias
1123 743 1298 821 hominum,

152 849 206 932 qui
240 854 351 932 sponte
385 850 521 931 deponat
552 847 721 929 imperium
750 851 782 911 et
810 847 945 912 ducatus
975 848 1025 911 sui
1055 848 1146 912 cedat
1173 849 1298 934 insigne

152 956 270 1038 fiatque
298 956 409 1020 uolens
440 973 570 1019 numero
599 957 780 1037 postremus
810 974 845 1018 ex
873 954 994 1037 primo!
1023 974 1080 1020 nos
1105 958 1296 1022 autemnon
1330 975 1343 1015 s

152 1063 257 1128 solum
285 1063 323 1126 de
351 1063 464 1143 primo,
494 1061 551 1126 sed
579 1061 673 1125 etiam
704 1061 741 1124 dc
770 1061 873 1125 medio
903 1080 996 1143 saepe
1021 1062 1241 1127 contendimus
1266 1068 1298 1127 et

150 1170 268 1253 primos
289 1168 468 1233 discubitus
487 1168 519 1232 in
540 1167 686 1232 conuiuio
707 1166 906 1232 uindicamus
926 1187 972 1244 ac,
990 1169 1017 1232 si
1036 1170 1136 1234 semel
1155 1170 1298 1234 delatum

149 1277 254 1355 l'uerit,
278 1277 429 1342 uolumus
455 1295 525 1341 esse
545 1278 743 1357 perpetuum.
763 1274 833 1339 ideo
853 1275 935 1339 inter
954 1295 1048 1360 grues
1068 1276 1297 1358 aequanimitas

150 1386 180 1449 in
213 1383 376 1448 laboribus
411 1386 469 1459 est,
503 1382 668 1446 humilitas
701 1387 732 1445 in
766 1383 990 1463 potestatibus.
1024 1383 1233 1448 admonentur
1261 1389 1297 1449 ut

150 1496 314 1556 exerceant
347 1490 510 1555 custodiae
545 1489 643 1566 uices,
675 1508 736 1554 non
770 1490 979 1554 admonentur
1006 1493 1043 1554 ut
1070 1490 1108 1554 de
1136 1495 1295 1574 potestate
1316 1498 1401 1554 10101

150 1597 313 1675 decedant,
348 1598 422 1680 quia
455 1596 499 1659 ibi
531 1595 685 1660 naturalis
719 1596 809 1679 quies
843 1598 946 1662 somni
978 1598 1215 1681 interpellanda,
1245 1600 1296 1665 lric

149 1704 348 1770 uoluntariae
372 1704 553 1769 sedulitatis
579 1703 680 1788 gratia
702 1704 891 1785 praestanda
914 1707 973 1769 est.

44 1800 148 1883 1⁶253
196 1811 340 1877 Ciconias
369 1812 475 1875 serunt
503 1811 637 1875 collecto
665 1808 824 1892 proficisci
853 1810 987 1894 agmine,
1017 1811 1044 1874 si
1074 1831 1135 1893 quo
1167 1831 1296 1897 pergen·
1368 1811 1390 1864 Β

150 1916 225 1981 dum
258 1919 381 2000 putant,
414 1921 446 1981 et
477 1916 573 1980 simul
601 1916 760 1998 plerisque
789 1916 872 1981 circa
900 1917 1051 1982 orientem
1079 1918 1158 1983 locis
1187 1918 1297 1982 inuehi

149 2028 181 2088 et
217 2024 308 2107 quasi
345 2027 466 2087 tessera
503 2024 632 2087 militari
669 2023 784 2105 pariter
821 2042 929 2088 omnes
961 2024 1091 2090 moueri.
1126 2026 1295 2090 exercitum
1316 2041 1341 2083 ιε

149 2130 257 2195 credas
277 2150 349 2194 cum
369 2130 469 2214 signis
490 2131 556 2195 suis
576 2149 722 2213 pergere:
744 2130 790 2194 sic
810 2149 920 2194 ornnes
940 2130 1047 2195 uiandi
1062 2131 1296 2215 comitandique

149 2241 181 2302 et
208 2238 379 2319 praeeundi
409 2237 549 2301 ordinem
579 2240 717 2301 seruant.
742 2237 882 2301 cornices
907 2240 1013 2302 autem
1037 2239 1159 2303 ducunt
1182 2258 1235 2303 eas
1259 2258 1295 2304 ac

149 2345 290 2428 dirigunt
308 2347 340 2409 et
359 2344 449 2407 uelut
468 2342 658 2427 quibusdam
677 2345 791 2408 turmis
812 2344 1029 2426 stipatricibus
1050 2349 1294 2427 prosequuntur,

148 2451 226 2515 adeo
261 2455 297 2514 ut
329 2450 513 2515 adiumenta
546 2450 700 2532 quaedam
731 2450 926 2515 bellantibus
960 2451 1113 2516 aduersus
1150 2452 1294 2517 inimicas
1367 2458 1388 2514 c

148 2577 223 2622 aues
248 2557 387 2621 conferre
413 2557 579 2621 credantur
598 2560 629 2621 et
647 2557 781 2640 propriis
802 2557 951 2639 perieulis
971 2558 1055 2622 bella
1074 2558 1175 2623 aliena
1194 2560 1294 2624 susci·
1313 2579 1340 2617 20

147 2685 229 2747 pere.
255 2664 347 2729 cuius
370 2664 416 2728 rei
439 2663 591 2727 indicium
616 2667 665 2727 est
685 2664 759 2746 quia
778 2665 884 2730 nullae
903 2665 1070 2730 interuallo
1090 2666 1196 2748 aliquo
1216 2672 1295 2731 tem-

146 2771 232 2854 poris
252 2771 389 2835 residere
408 2771 439 2834 in
459 2771 524 2834 illis
543 2770 624 2834 locis
643 2771 864 2853 repperiuntur
883 2775 915 2835 et
931 2772 1005 2854 quia
1020 2791 1092 2836 cum
1107 2773 1293 2838 uulneribus

146 2881 340 2942 reuertentes
387 2878 554 2942 manifesta
601 2878 736 2958 quadam
782 2879 947 2962 sanguinis
993 2897 1071 2943 uoce
1118 2881 1294 2963 ceterisque

145 2983 294 3049 locuntur
320 2984 447 3049 indiciis
477 2985 622 3066 grauium
652 3004 685 3047 se
714 2986 921 3050 certaminum
949 2986 1075 3051 subisse
1100 2987 1293 3052 conflictum.

146 3090 217 3172 quis
250 3091 351 3174 igitur
382 3091 448 3155 illis
482 3111 613 3172 poenam
648 3091 836 3155 desertionis
869 3092 991 3170 indixit,
1025 3093 1096 3175 quis
1126 3093 1292 3158 derelictae
1311 3113 1337 3152 ns

144 3197 278 3261 militiae
316 3197 473 3280 supplicia
515 3198 719 3262 formidolosa
759 3199 974 3281 praescripsit,
1018 3202 1054 3263 ut
1095 3201 1182 3264 nulla
1224 3220 1292 3283 pro-

237 3407 270 3459 13
289 3407 351 3459 aas.
375 3407 424 3459 rae
444 3404 490 3459 Bo
511 3407 557 3473 (aa
576 3405 634 3472 AB)

183 3530 195 3582 l
222 3545 302 3597 quom
325 3529 424 3597 scripsi
447 3545 527 3596 quam
553 3527 576 3579 ss
601 3527 674 3598 quod
696 3527 730 3582 Ν
749 3546 808 3582 cum
831 3533 879 3583 m2
900 3529 953 3583 GB
1070 3533 1087 3586 3
1111 3532 1249 3587 homiuem
1271 3532 1294 3586 Ο

144 3616 345 3674 4ductusMS
380 3618 527 3685 e'rfitaquae
545 3617 733 3684 O(corr.nr3)
771 3618 870 3688 tsepe
893 3619 916 3671 (J
932 3618 993 3687 (epe
1012 3620 1043 3672 in
1061 3625 1128 3686 rae.)
1167 3620 1291 3676 'luindi-

144 3722 235 3760 camus
258 3704 314 3770 cu
334 3706 383 3758 alt.
404 3722 436 3759 ea
455 3723 468 3759 e
486 3708 544 3769 nr3)
604 3706 628 3758 si
646 3722 669 3759 s.
686 3723 714 3759 aa.
737 3705 760 3758 C
795 3706 829 3760 12
847 3706 1041 3776 praestolanda
1054 3711 1078 3765 tl
1093 3710 1131 3774 (ol
1146 3711 1227 3776 eras.)
1243 3716 1290 3766 cet.

147 3796 178 3848 17
197 3793 335 3848 deducunt
354 3793 452 3848 N‘MS
506 3793 538 3847 18
557 3795 653 3846 turmis
672 3794 733 3846 istis
752 3795 901 3863 patricibus
922 3794 945 3846 ss
965 3796 1075 3858 stumris
1094 3797 1243 3866 tipatribus
1257 3797 1289 3853 u*

139 3917 142 3924 ·
179 3888 359 3954 prosequutur
375 3883 589 3953 Cprosecuntur
605 3882 735 3936 GPVSB
754 3888 930 3952 persecuntur
943 3885 976 3941 u‘
1013 3886 1044 3938 21
1062 3886 1136 3939 nullo
1153 3886 1239 3954 (nulla
1256 3886 1292 3954 V)

143 3971 316 4027 interuallum
337 3972 387 4037 (·lo
406 3973 428 4026 0
439 3975 486 4025 nr3
503 3971 567 4035 GB)
588 3972 678 4040 aliquo
699 3971 821 4040 (aliquod
836 3975 862 4026 B
877 3977 933 4038 nu2)
955 3973 1007 4026 llB
1026 3974 1117 4027 nullae
1137 3974 1224 4041 (nullo
1238 3973 1289 4039 ΙΨ)

144 4079 191 4131 per
209 4061 381 4115 interuallum
403 4059 511 4128 aliquod
530 4059 628 4114 N‘MS
694 4061 728 4113 23
748 4060 879 4128 quaedam
899 4060 951 4114 llB
1024 4061 1162 4132 sanguinis
1182 4063 1225 4116 sui
1242 4062 1290 4123 N⁴,

137 4150 208 4216 fort.
228 4156 298 4203 recte
370 4147 625 4217 alloquuntur!
714 4149 866 4202 condictum
886 4148 909 4202 G
927 4151 946 4203 ui
965 4151 996 4203 ia
1015 4154 1083 4218 rae.)
1158 4151 1193 4205 26
1213 4168 1291 4221 prae·

143 4238 252 4307 scripsit
270 4237 445 4291 formidolosa
464 4237 562 4290 N¹MS
