2836 4822
323 338 470 391 Exemerou
490 337 527 390 VI
547 339 571 391 6,
593 339 616 395 7,
636 339 679 391 39.
698 338 733 391 40
762 338 784 406 (Ι
805 339 853 391 127
874 337 986 391 Β-128Ι
1006 339 1048 399 Α).
1189 340 1249 402 231

111 534 227 598 mentis
264 533 399 617 uigore?
437 551 507 596 οπο
546 531 639 596 hodie
677 532 823 609 sumitur,
862 552 930 597 erus
969 531 1145 614 deponitur.
1183 551 1254 595 earo

111 641 305 722 temporalis,
330 641 433 704 ouium
458 641 615 705 diuturne.
641 660 712 705 οπο
737 640 871 704 amictus
897 645 946 704 est
969 640 1100 715 aninmo,
1121 657 1201 720 quoe
1222 657 1255 701 se

110 747 216 811 induit
244 748 380 830 quodam
409 748 547 830 eorporis
576 748 776 812 uestimento.
804 767 864 811 non
894 748 993 830 igitur
1021 750 1056 809 tu
1085 745 1255 809 uestimen-

111 859 180 918 tum
209 873 253 929 es,
283 854 339 917 sed
368 854 420 936 qui
452 855 644 918 uestimento
674 855 782 918 uteris,
812 854 882 918 ideo
913 854 973 917 tibi
997 852 1114 916 dieitur
1143 857 1179 916 ut
1208 872 1255 915 er-

80 960 234 1044 spoliaus
268 967 408 1026 ueterem
439 961 598 1025 hominem
633 981 705 1025 oum
735 961 859 1025 actibus
889 961 957 1025 eius
985 980 1105 1024 nouum
1132 959 1256 1034 induas,

114 1068 167 1149 qui
195 1088 256 1132 non
284 1068 315 1132 in
345 1069 483 1150 eorporis
509 1068 672 1150 qualitate,
698 1067 809 1133 sedin
834 1067 1089 1150 spiritunrentis
1114 1066 1255 1149 etegui·

113 1175 197 1238 tione
226 1179 407 1239 renouatur.
437 1195 508 1252 uon,
538 1176 677 1257 inquam,
707 1194 777 1240 οπο
804 1195 837 1239 es
861 1179 914 1245 tut
938 1193 1038 1256 neque
1063 1173 1147 1237 enim
1171 1174 1255 1236 earni

113 1282 245 1346 dieitur:
269 1283 464 1365 templum
491 1283 593 1346 euim
618 1282 680 1346 dei
705 1285 888 1346 sanetum
913 1285 985 1355 est,
1016 1280 1119 1363 quod
1149 1280 1255 1343 estis
1284 1287 1305 1340 Ε

113 1408 184 1452 uos
223 1392 254 1453 et
293 1389 388 1454 alibi:
422 1390 617 1470 templum
652 1389 715 1452 dei
749 1409 820 1453 uos
855 1389 969 1466 estis,
1003 1392 1041 1451 et
1079 1387 1255 1469 spiritus

70 1517 93 1552 ιο
114 1495 178 1559 dei
207 1500 373 1560 sanetus
402 1495 567 1559 habitat
595 1496 637 1559 in*
662 1495 790 1571 uobis,
821 1496 876 1559 sed
900 1494 1060 1558 renouatis
1085 1493 1202 1557 dieitur
1225 1495 1258 1556 et

113 1601 272 1678 fidelibus,
300 1602 331 1664 in
362 1601 478 1681 quibus
507 1603 669 1682 permonet
698 1601 830 1682 spiritus
860 1599 918 1663 dei.
944 1600 975 1663 in
1000 1599 1178 1663 carnalibus
1204 1619 1256 1662 ou-

114 1710 178 1770 tem
207 1726 266 1771 uon
295 1712 467 1789 pormanet,
499 1706 572 1787 quio
606 1705 760 1787 seriptum
793 1711 863 1770 est:
894 1726 967 1771 uon
1002 1705 1257 1788 permanebit

113 1814 291 1895 spiritus
324 1832 433 1877 meus
467 1812 506 1876 in
540 1812 638 1877 istis
667 1813 912 1888 hominibus,
944 1813 1135 1895 quoniam
1165 1831 1255 1875 οπο

113 1925 217 1985 sunt.

21 2032 95 2093 doe
160 2027 221 2092 Sed
249 2028 350 2110 ipsius
380 2026 546 2090 creationis
577 2030 702 2090 nostrae
727 2026 840 2090 seriem
866 2024 1114 2090 consideremus.
1137 2026 1257 2090 faeia-
1285 2040 1306 2094 F

115 2153 199 2198 mus
225 2134 328 2215 iuquit
351 2134 549 2197 hominem
575 2133 619 2197 ad
639 2133 854 2216 imaginem
876 2138 914 2197 et
938 2132 1255 2198 similitudinem

116 2244 304 2304 nostram.
335 2241 406 2322 quis
436 2240 496 2303 hoo
524 2239 626 2304 dieit?
657 2259 757 2304 noune
787 2239 876 2314 deus,
906 2241 960 2321 qui
989 2242 1020 2302 te
1048 2239 1149 2304 feeit?
1183 2240 1258 2322 quid

116 2351 165 2412 est
194 2347 301 2439 deus?
334 2366 405 2410 raro
435 2367 471 2410 un
503 2346 660 2429 spiritus?
690 2366 749 2411 non
779 2365 850 2411 οπο
880 2346 1002 2426 utique,
1032 2345 1086 2410 sed
1116 2347 1258 2429 spiritus,

118 2455 209 2519 ouius
238 2455 353 2519 similis
383 2475 453 2519 οπο
483 2474 552 2518 esse
582 2473 642 2518 non
666 2457 784 2537 potest,
809 2453 884 2536 quio
906 2455 975 2536 ipse
999 2453 1202 2536 incorporeus
1228 2457 1259 2517 et

71 2581 96 2617 20
117 2560 289 2651 inuisibilis
331 2565 389 2638 est,
433 2580 503 2624 οπο
542 2562 649 2623 autem
686 2565 718 2623 et
755 2559 1020 2642 conprehenditur
1057 2564 1088 2624 et
1120 2559 1358 2629 uidetur.128A

116 2668 166 2730 oui
204 2667 307 2732 dicit?
345 2687 404 2731 non
443 2666 503 2730 sibi
541 2666 662 2749 utique,
702 2666 776 2748 quio
813 2686 875 2731 non
914 2665 991 2730 dioit
1024 2666 1169 2730 ίῐοοίπο).
1204 2667 1259 2730 sed

116 2775 302 2849 iaciamus,
327 2793 388 2837 uon
412 2772 544 2856 angelis,
569 2773 644 2855 quia
666 2772 804 2836 ministri
828 2775 913 2847 suut,
939 2771 1024 2836 serui
1053 2776 1158 2836 autem
1188 2792 1260 2837 eum

117 2881 242 2946 domino
267 2885 298 2944 et
323 2899 416 2963 opera
440 2900 513 2943 oum
538 2881 665 2957 auctore
689 2898 749 2942 nou
773 2883 907 2961 possunt
932 2878 1122 2961 operationis
1148 2879 1260 2943 haltere

116 2987 323 3063 consortium,
361 2985 415 3050 sed
454 2986 532 3051 dioit
568 2985 644 3061 filio,
682 2986 808 3049 etiamsi
844 2985 952 3049 ludaei
989 2984 1103 3062 nolint,
1135 2985 1260 3048 etiamsi

206 3266 483 3333 dcoioss.3‚9sq.
553 3263 727 3321 oleoso.
749 3265 780 3318 17
849 3263 1021 3325 eropus,
1044 3263 1076 3317 16
1143 3264 1174 3316 12
1194 3263 1260 3316 Gen.

117 3357 178 3413 6.3
254 3358 286 3408 15
305 3355 371 3409 Gen.
394 3356 416 3410 l.
436 3353 470 3407 26
491 3353 552 3406 Bos.
572 3353 624 3407 205
644 3353 665 3405 Α
687 3354 731 3417 (87
751 3353 787 3418 D)
864 3351 973 3406 181011.
993 3353 1018 3413 4,
1038 3353 1073 3404 24
1146 3352 1177 3404 21
1199 3351 1260 3405 Bes.

117 3446 169 3499 205
188 3443 234 3498 BC
254 3444 299 3508 (87
319 3443 349 3506 Ε,
369 3443 403 3496 88
423 3441 465 3510 Α),
485 3441 518 3495 cf.
539 3440 618 3494 Philo
639 3440 671 3493 de
691 3458 733 3510 up.
752 3439 845 3493 muudi
865 3441 899 3493 24
919 3441 973 3505 (lt,
988 3439 1022 3494 26
1038 3438 1088 3501 M,
1106 3440 1150 3500 26,
1171 3442 1202 3493 15
1219 3439 1260 3506 (³.)

117 3536 152 3588 24
172 3534 232 3587 Bes.
252 3533 304 3586 ‘205
323 3530 404 3586 A-C
423 3531 467 3599 (ot
487 3530 544 3593 BC)

156 3711 167 3762 i
184 3708 266 3762 hodie
284 3708 365 3761 Gom⁹
380 3707 434 3760 VN
446 3708 489 3760 die
507 3708 583 3761 Gru]
597 3708 645 3760 GP
696 3707 714 3759 4
734 3706 897 3760 uestimento
911 3702 999 3758 N‘SB
1013 3710 1038 3758 et
1052 3708 1099 3757 m2
1116 3703 1202 3757 CGu!
1216 3721 1261 3757 ue·

117 3796 489 3853 stiureutuurCGMmlPV
541 3796 676 3850 onerist*
711 3793 987 3862 dquolitaternCPV
1041 3794 1263 3862 spiriturut'Pet

119 3894 199 3947 (corr.
209 3891 266 3954 m2p
281 3886 306 3941 G
380 3891 408 3939 et
422 3885 458 3947 N,
473 3885 560 3941 omli
617 3886 633 3938 9
647 3883 776 3952 templum
791 3882 888 3936 N‘MS
900 3881 1031 3950 templum
1046 3882 1117 3934 eninr
1131 3879 1154 3932 11
1172 3890 1196 3946 (e
1213 3881 1261 3933 adt.

119 3995 152 4031 ex
171 3977 188 4030 d
211 3981 243 4044 (Ι)
263 3977 289 4030 B
363 3977 396 4029 10
415 3975 458 4028 dei
479 3993 529 4028 om.
549 3974 582 4027 N
655 3973 791 4026 inhabitet
810 3971 868 4026 MS
940 3969 1214 4024 minduniensem.
1234 3969 1266 4022 N

156 4084 216 4120 οπο
236 4064 289 4118 ΠΒ
308 4081 387 4119 οποο
406 4065 443 4118 Μ
460 4080 552 4118 coruos
571 4062 629 4118 91¹8
646 4063 732 4116 curuis
751 4063 817 4116 91]st
884 4063 917 4114 15
935 4060 1009 4128 prius
1029 4059 1113 4128 ipsius
1134 4059 1160 4111 B
1179 4059 1263 4126 (prius

118 4171 139 4209 ο.
160 4173 186 4207 u.
206 4158 263 4216 m2)
284 4154 320 4207 N‘
368 4154 401 4206 16
421 4157 448 4206 et
467 4151 673 4204 similitudinem
693 4168 743 4204 om.
764 4149 800 4203 Μ
817 4147 851 4202 ud
870 4146 1075 4201 similitudinem
1095 4146 1121 4199 Β
1167 4147 1200 4200 24
1216 4146 1264 4199 sed

120 4243 187 4295 dicit
206 4242 262 4296 tilio
282 4243 313 4296 in
332 4258 387 4294 ras.
407 4242 472 4294 orio.
492 4241 580 4309 spatii
601 4239 624 4290 (Τ
