2836 4822
351 343 393 397 De
412 343 539 413 paradiso
556 340 581 408 5,
602 342 644 400 28.
664 344 698 399 29
737 344 761 411 (Ι
782 343 831 400 155
850 345 967 398 1)-156
986 343 1027 415 C).
1204 348 1269 414 285

120 537 214 601 bomo
249 537 413 621 adquirere
447 554 543 623 quem
575 537 605 603 ei
638 539 716 604 deas
750 539 911 604 contulit?
943 541 1075 606 tertium
1105 539 1266 608 obiciunt:

121 647 153 708 et
178 644 204 707 si
228 644 323 709 homo
347 663 410 710 aon
433 645 622 730 gaetanerat
644 648 790 724 mortem,
813 646 926 728 utiquc
951 666 1044 729 quam
1070 666 1131 711 non
1159 652 1367 731 gusta-156A

120 754 212 815 uerat
245 752 326 816 scire
359 768 421 817 non
448 750 582 836 potaret.
610 771 685 836 ergo
714 753 743 817 si
770 771 832 816 non
861 757 1057 837 gustauerat,
1087 755 1267 820 nesciebat:

121 858 149 921 si
177 859 349 937 nesciebat,
376 858 491 923 timere
517 876 579 924 non
607 861 741 942 poterat.
766 860 885 924 fi'astra
907 859 1008 944 igitur
1031 859 1110 926 deus
1133 865 1268 926 mortem

27 964 101 1031 29⁵
121 983 177 1046 pro
210 967 330 1029 terrore
363 964 491 1044 obiecit,
526 986 621 1049 quem
649 967 794 1032 homines
822 986 883 1032 non
911 966 1076 1032 timebant.
1106 967 1268 1035 discamus

119 1070 220 1153 igitur
252 1071 327 1154 quia
359 1073 415 1136 ubi
453 1072 577 1159 lignum
613 1074 700 1138 uitae
737 1073 782 1137 ibi
819 1074 915 1138 etiem
952 1073 1078 1157 lignum
1116 1074 1268 1140 scientiae

119 1177 193 1241 boni
231 1180 264 1241 et
299 1179 376 1242 mali
413 1180 596 1262 produxerit
632 1180 721 1243 deuo.
758 1180 856 1244 habes
894 1179 976 1244 enim
1013 1180 1088 1262 quia
1119 1181 1269 1264 produxit

118 1284 241 1368 lignum
269 1284 356 1349 uitae
386 1281 441 1358 (ἐν
471 1289 554 1367 μέσῳ
583 1292 635 1346 aab
668 1277 890 1370 παραδείσω),
923 1286 983 1351 hoc
1017 1291 1068 1351 est
1098 1286 1130 1351 in
1162 1288 1266 1353 medio

117 1392 274 1474 paradiso.
316 1393 362 1455 ait
385 1440 740 1459 .............
766 1393 848 1457 enim
885 1393 1084 1477 intellegitur
1116 1394 1201 1477 quod
1234 1394 1266 1458 in

72 1530 99 1568 10
118 1498 223 1562 medio
256 1498 448 1581 produxerit.
482 1518 556 1583 ergo
589 1499 621 1562 in
654 1499 758 1563 medio
790 1499 936 1581 paradiso
970 1502 1003 1563 et
1035 1501 1103 1564 nita
1135 1504 1203 1564 crat
1234 1503 1315 1565 etB

118 1625 215 1669 causa
243 1606 366 1670 mortis.
395 1605 546 1689 intellege
575 1606 649 1687 quia
676 1625 737 1670 non
766 1607 861 1671 homo
889 1606 967 1670 fecit
995 1607 1107 1686 uitam,
1131 1606 1188 1671 sed
1211 1608 1264 1672 uel

118 1711 276 1793 operando
309 1712 362 1776 uel
392 1712 598 1777 custodiendo
627 1713 776 1777 mandata
805 1713 855 1777 dei
885 1713 991 1796 potuit
1018 1713 1169 1778 inuenire.
1198 1717 1265 1778 erat

117 1822 225 1882 autem
269 1819 367 1896 uita,
415 1819 501 1883 sicut
546 1820 711 1902 apostolus
759 1819 847 1898 dixit,
889 1819 1136 1884 abscondita
1177 1840 1264 1885 cum

119 1923 283 1990 Christo
321 1927 359 1990 in
399 1926 482 1992 deo.
519 1926 614 1990 homo
654 1946 728 2010 ergo
767 1926 837 1990 siue
869 1927 901 1991 in
932 1928 1046 1991 umbna
1077 1928 1164 1992 uitae
1198 1930 1264 1993 erat

69 2065 97 2103 15
116 2033 245 2114 propter
271 2032 418 2115 figuram,
447 2032 521 2114 quia
550 2032 663 2096 umbra
690 2037 740 2098 est
767 2033 845 2097 haec
874 2052 953 2116 quae
977 2053 1060 2098 nunc
1084 2038 1192 2098 nostre
1215 2040 1265 2099 est

114 2139 183 2202 uita
207 2139 237 2202 in
262 2143 355 2216 terra,
379 2139 448 2203 siue
472 2139 504 2203 in
524 2139 661 2222 quodam
680 2139 811 2224 pignore
830 2139 916 2205 uitae
936 2143 1015 2220 crat,
1034 2141 1109 2222 quia
1127 2142 1265 2206 babebat

116 2228 366 2310 insufflationem
391 2246 452 2322 dei,
477 2246 616 2310 habebat
638 2266 712 2330 ergo
736 2247 852 2331 pignus
876 2247 1126 2326 inmortalitatis,
1152 2249 1208 2313 sed
1231 2249 1263 2313 in

116 2352 228 2416 ambra
256 2352 344 2417 uitae
371 2353 497 2435 positus
526 2353 745 2417 absconditam
775 2354 874 2418 uitam
900 2373 970 2418 cuin
998 2353 1124 2419 Christo
1149 2354 1180 2418 in
1205 2356 1262 2419 leo
1291 2363 1312 2420 c

115 2460 242 2543 uulgari
267 2460 404 2542 quodam
427 2463 517 2524 tactu
542 2463 574 2525 et
597 2464 728 2543 aspectu
748 2461 857 2526 uidere
879 2465 911 2526 et
929 2480 1039 2545 capere
1058 2481 1119 2526 non
1138 2464 1264 2545 poterat

207 2633 239 2687 13
260 2631 364 2687 Colooe.
384 2635 408 2696 3,
429 2634 444 2687 3

151 2756 216 2809 2ct
234 2773 285 2812 om.
305 2759 338 2811 N
388 2759 474 2812 3nec
493 2758 647 2812 sciebatM
698 2758 1188 2828 opostpoteratacam1n0rtem
1208 2759 1262 2812 uti·

116 2861 168 2916 que
188 2852 241 2915 qut
258 2852 275 2899 n
294 2850 455 2915 gastauerat
509 2850 524 2901 5
544 2864 597 2900 aon
617 2863 668 2904 om.
688 2847 746 2900 PV
799 2849 815 2901 6
835 2847 900 2915 quia
917 2846 1039 2901 SBP¹V⁴
1059 2846 1131 2915 quod
1149 2847 1191 2911 M,
1211 2863 1262 2901 om.

114 2941 163 2988 cat.
243 2934 302 3003 nbi]
322 2935 361 2987 ibi
374 2935 494 2989 Mb'BP'
584 2936 622 2989 ibi
641 2936 741 3004 amanei
758 2935 805 2989 nbi
821 2936 886 2988 libm'
975 2934 1038 2988 Sto
1058 2935 1129 3006 μέσῳ
1148 2942 1193 2987 τοῦ
1212 2953 1262 2987 aa·

115 3021 235 3092 patticam
256 3024 321 3077 add,
340 3025 479 3078 Erasmus
545 3026 562 3078 8
581 3025 706 3095 paradiso
725 3025 830 3082 Plio.
851 3030 886 3090 o),
908 3024 1026 3094 paradisi
1048 3024 1086 3085 0¹,
1106 3024 1181 3092 qaod
1191 3026 1261 3092 sort.

108 3114 334 3180 praeferendam.
345 3120 411 3182 poet
424 3114 550 3184 paradiso
569 3116 637 3169 leaeo
655 3117 784 3186 loquatur
801 3116 832 3168 ia
852 3115 942 3168 libris:
963 3112 1262 3168 ait.rcn'bcn1³o1e-

114 3200 187 3255 NUS
207 3203 277 3255 enim
291 3203 320 3255 P
336 3204 444 3273 (prima
463 3203 557 3257 littora
578 3203 689 3259 Graeca
706 3205 821 3265 incerta,
835 3203 884 3257 sed
901 3205 1021 3257 maximo
1038 3203 1138 3258 similis
1154 3203 1262 3257 Gracco

114 3291 147 3352 Γ;
169 3288 190 3343 C
208 3294 256 3343 m2
272 3292 395 3344 mutauit
413 3292 444 3344 in
459 3290 483 3345 G
502 3308 536 3345 ac
553 3293 636 3345 simul
654 3293 771 3345 inamait
789 3291 863 3345 illud
879 3309 889 3344 1
905 3297 970 3360 poet
984 3298 1011 3358 o)
1026 3294 1066 3345 ait
1080 3288 1262 3346 Tabales-

113 3377 253 3432 PoeHvs
277 3379 348 3432 onim
367 3378 411 3431 1Μ
437 3379 545 3447 (poma
569 3379 663 3433 littera
688 3378 798 3433 Graeca
820 3385 914 3433 aarum
933 3381 952 3430 Γ
972 3396 1012 3432 aa
1030 3380 1052 3433 T
1069 3381 1106 3433 sit
1125 3380 1260 3448 ambibas)

114 3469 154 3520 ait
172 3466 447 3522 JeNUcnPoeNUs
467 3467 537 3521 enim
557 3467 583 3520 V
600 3468 706 3536 (omma
726 3468 820 3521 littera
830 3473 896 3536 post
911 3468 950 3521 ait
967 3469 1084 3534 trecenta)
1100 3468 1147 3522 ait.
1166 3468 1261 3522 leNU·

113 3552 305 3609 CAPOCNUS
324 3554 396 3625 apud
414 3572 464 3609 noe
483 3556 553 3609 enim
572 3555 596 3608 0
612 3572 730 3624 opoenos
750 3557 821 3608 enim
835 3555 863 3610 R
883 3555 930 3619 (ud
944 3560 992 3609 aas?
1004 3573 1025 3610 s⁴
1041 3560 1084 3622 oc)
1100 3558 1134 3611 P‘
1152 3559 1193 3623 (ia
1208 3574 1261 3625 qao

107 3649 175 3712 poet
193 3644 363 3712 intellegitur
382 3644 447 3697 add.
466 3645 634 3710 inamoenus)
660 3643 690 3697 V‘
715 3660 806 3697 aenas
826 3649 853 3708 (o
871 3661 892 3698 a.
913 3645 939 3714 a)
959 3646 1030 3698 onim
1049 3646 1206 3711 ibblssotuot
1225 3646 1264 3699 Μ

113 3731 186 3801 apud
204 3749 253 3785 nos
272 3734 343 3786 enim
362 3730 411 3785 So
430 3749 547 3802 apoenos
566 3734 638 3786 enim
660 3733 817 3786 inamoenus
836 3752 855 3803 μ
874 3733 913 3786 ait
936 3732 962 3784 ἐν
986 3732 1157 3803 μὲσὸυρόενὺς
1180 3734 1260 3804 Apud

112 3838 163 3874 noe
188 3823 259 3874 onim
283 3839 308 3873 α.
336 3823 422 3874 acrba
442 3829 507 3890 post
524 3821 650 3892 paradiso
669 3839 755 3890 acque
773 3822 812 3875 ad
830 3821 986 3891 produxerit
1004 3839 1055 3875 om.
1078 3819 1116 3875 C‘.
1139 3824 1209 3890 sort.
1228 3824 1260 3877 ia

112 3910 253 3977 scriptura
277 3910 413 3963 lacunosa
432 3911 499 3964 latet
521 3912 577 3965 talc
598 3910 666 3979 qaid
685 3911 724 3963 ait
743 3908 863 3980 ’ψ’ννησε
884 3909 987 3967 (καὶτὸ
1008 3909 1083 3970 ξύλον
1102 3917 1147 3961 aab
1166 3910 1260 3963 εἰδέναι

111 3999 229 4069 γνωστὸν
255 3997 337 4050 καλοῦ
365 3997 421 4055 καὶ)
451 4006 578 4070 aenaeam
606 4001 650 4053 liis
679 4000 762 4063 enaiim
792 4005 908 4052 ceteram
935 4000 1030 4066 confer
1052 3999 1259 4067 praefationem

114 4087 145 4139 ll
168 4094 248 4140 causa
267 4088 294 4140 P
375 4089 407 4141 13
427 4088 497 4140 sicat
517 4092 545 4141 et
562 4088 709 4142 MSBPO
781 4089 812 4141 15
832 4087 945 4155 figuram
970 4086 1125 4156 Vliguram
1140 4086 1256 4156 ligarent

110 4173 178 4227 RV‘
197 4175 312 4244 liguram
331 4175 449 4229 futuram
469 4181 516 4229 cet.
574 4178 606 4230 19
626 4181 691 4230 ante
709 4179 785 4229 tactu
805 4175 871 4231 add.
891 4180 1002 4246 aspectu
1021 4176 1113 4230 PVV‘
1132 4164 1209 4230 tactu
1228 4180 1257 4230 et

112 4279 164 4316 om.
183 4263 249 4318 ab!
329 4281 479 4334 capereque
499 4269 561 4334 (om.
582 4269 620 4333 ct)
640 4265 668 4318 B
