2836 4822
131 312 199 376 376
607 305 805 361 Ambrosii

72 503 119 566 45
175 501 236 568 Sed
261 502 319 566 hcc
344 502 406 566 nisi
431 501 539 566 diuina
565 501 699 566 donatus
723 521 851 566 munere
876 502 1000 567 efficere
1024 521 1085 567 nen
1113 504 1222 584 petes.
1252 505 1287 567 et

128 610 199 674 ideo
233 609 292 674 ait:
326 609 434 672 dabit
466 609 538 673 tibi
573 609 676 687 dena,
710 609 770 674 trec
804 615 854 674 est
887 609 1096 693 cogitationes
1128 610 1281 691 optimas,
1326 609 1370 664 2⁰4

128 716 252 801 placida
285 716 426 793 consilia,
460 715 647 798 tranquillas
680 716 890 781 inuentianes.
928 735 1001 781 cum
1035 715 1157 780 dederit
1189 716 1280 790 haec,

127 822 222 887 tolles
252 843 343 887 omne
373 822 457 905 qued
486 824 587 905 aperit
614 824 746 888 uuluam
770 823 980 888 masculinum
1007 826 1039 888 et
1062 822 1280 888 sanctificabis

126 930 267 994 donnino.
293 950 353 995 nnn
378 934 481 995 tetum
504 931 602 1015 exigit
620 951 638 994 a
656 934 688 994 te
708 931 797 1007 deus,
817 930 870 1010 qni
890 932 994 995 tetum
1015 930 1155 995 donauit.
1176 931 1280 994 multa
1313 950 1324 987 ε

124 1038 212 1102 errim
230 1037 269 1101 ad
288 1057 384 1101 nsum
403 1037 602 1102 substantiae
621 1037 755 1120 largitur
772 1037 940 1113 humanae,
960 1040 992 1101 et
1011 1037 1069 1101 hec
1090 1056 1152 1102 nen
1170 1041 1280 1120 potest

124 1163 199 1209 ease
229 1143 374 1208 diuinum
404 1144 605 1219 sacrificinm,
633 1144 688 1208 ubi
713 1147 763 1209 eat
786 1163 864 1208 usus
889 1148 1027 1209 naturae.
1054 1144 1146 1209 edere
1168 1145 1278 1210 bibere

126 1251 264 1315 dormire
295 1251 419 1333 aliaque
448 1251 624 1315 ministeria
653 1251 792 1333 corperis
825 1251 905 1316 deno
939 1255 1016 1315 srrnt
1047 1252 1106 1315 tibi
1140 1252 1276 1327 conlata,

130 1378 191 1422 nen
215 1377 233 1420 a
256 1359 287 1422 te
316 1358 414 1422 relata
443 1359 500 1422 dee
529 1378 668 1422 munera.
700 1358 853 1440 quicquid
881 1361 987 1422 autem
1016 1361 1164 1423 sanctum
1192 1361 1276 1444 eogi-

129 1465 259 1541 taueria,
283 1466 343 1529 hec
367 1465 416 1528 dei
440 1485 555 1529 nrunus
580 1469 639 1543 est,
665 1465 715 1529 dei
738 1465 914 1548 inspiratie,
939 1465 989 1528 dei
1013 1467 1123 1549 gratia,
1149 1467 1235 1532 sicut
1259 1477 1350 1536 enB

129 1573 284 1637 centrario
316 1573 372 1636 illa
404 1592 484 1654 quae
510 1569 605 1659 [curn]
630 1574 661 1636 in
690 1592 752 1636 usu
780 1578 908 1637 naturae
937 1573 1092 1637 humanae
1116 1579 1193 1638 sunt
1215 1594 1276 1640 non

130 1679 335 1761 coinquinant
358 1679 528 1758 hominem,
555 1680 609 1744 sed
635 1680 719 1763 qued
744 1680 807 1744 erit
830 1680 868 1744 de
888 1700 952 1757 ore,
972 1680 1066 1745 furta.
1086 1680 1167 1744 falsa
1186 1683 1277 1746 testi·

74 1785 244 1859 46m0nia,
274 1785 449 1869 sacrilegia,
475 1786 552 1849 haec
576 1790 651 1850 sunt
680 1806 759 1868 quae
792 1786 996 1868 coinquinent
1026 1786 1199 1851 homiuem.
1231 1788 1276 1851 in·

129 1892 245 1956 teriora
260 1911 333 1975 erge
353 1894 461 1956 nostra
480 1892 680 1967 mundemus,
701 1896 737 1957 nt
755 1893 860 1974 possit
879 1892 996 1957 oblatio
1015 1912 1075 1957 nen
1096 1892 1274 1976 displicere.

129 1999 173 2063 ibi
203 2018 392 2081 quaeramus
421 2018 513 2063 ennne
543 1999 627 2081 quod
658 2000 759 2081 aperit
790 2000 923 2063 uiduam
956 2000 1181 2077 masculinum,
1215 2001 1314 2067 heca

129 2109 179 2169 est
201 2105 325 2169 instunr
351 2111 382 2170 et
405 2106 588 2189 principale,
615 2107 699 2188 qnod
724 2107 919 2171 sanctificare
943 2107 1068 2171 demine
1093 2107 1275 2172 debeamus.

129 2233 231 2295 neque
257 2214 340 2276 enirn
364 2213 397 2277 hi
421 2233 478 2278 nes
503 2213 643 2296 corporei
668 2216 778 2278 caetus
799 2219 892 2294 atque
913 2218 1084 2296 conceptus
1103 2219 1275 2297 partusque
1330 2221 1346 2276 0

129 2320 339 2393 sanctificant,
365 2322 479 2403 quibus
501 2322 601 2385 uulua
619 2321 754 2385 feminae
774 2320 923 2386 deflorate
943 2321 1062 2402 pudore
1082 2322 1274 2406 uirginitatis

131 2426 279 2508 aperitur.
309 2446 379 2490 narn
408 2428 468 2490 etsi
497 2428 612 2491 mulier
640 2427 816 2491 sanctificet
844 2427 946 2490 uirum
971 2431 1004 2491 et
1026 2428 1076 2492 uir
1098 2429 1274 2507 mulierem,

130 2535 236 2594 tamen
265 2531 450 2614 plerumque
480 2532 635 2617 contingit
664 2533 797 2616 uirginis
826 2534 958 2597 uuluam
987 2534 1082 2599 etiarn
1112 2535 1180 2600 sine
1204 2555 1275 2601 cen·
1292 2559 1316 2600 re

129 2637 210 2721 iugii
235 2638 402 2703 sanctitate
425 2640 568 2703 reserari.
597 2661 697 2722 neque
721 2660 845 2704 rursum
870 2641 940 2705 sela
962 2641 1065 2705 uirilis
1090 2646 1139 2706 est
1164 2643 1275 2726 gratia,

130 2744 244 2808 mulier
272 2750 378 2809 autern
407 2747 666 2813 sanctificationis
696 2747 796 2811 aliena
825 2752 883 2824 eat,
914 2751 970 2811 aut
991 2749 1158 2830 utriusque
1183 2769 1275 2813 sexus

132 2852 262 2916 confusa
292 2857 403 2916 natura
432 2858 490 2928 ent,
520 2858 556 2917 ut
580 2859 712 2935 uterque
737 2873 902 2936 corporeus
927 2855 1076 2919 fundatur
1098 2855 1130 2919 in
1154 2861 1275 2938 pertua.

131 2960 248 3024 habent
285 2979 342 3024 sua
380 2961 488 3024 rnnnia
524 2961 596 3040 uiri,
632 2961 749 3025 habent
782 2963 930 3026 mulieres
963 2982 1056 3027 serus
1089 2963 1140 3027 sni
1174 2964 1276 3029 officia

130 3068 275 3132 discreta.
301 3069 461 3151 generatio
485 3068 547 3133 ista
571 3069 784 3133 successionis
806 3069 962 3134 hirmanae
985 3070 1151 3135 mulierem
1171 3071 1347 3149 decetne

76 3175 327 3257 47inpesaibiiis
356 3175 465 3239 eadem
494 3176 573 3241 nire.
608 3195 682 3260 erge
707 3176 734 3239 si
759 3177 861 3240 carnis
885 3177 959 3241 uani
983 3196 1043 3240 nen
1068 3176 1202 3259 quadrat
1224 3177 1275 3241 hic

131 3299 255 3359 sennua,
285 3282 389 3346 efficia
417 3282 537 3346 anirnae
566 3282 786 3347 discutiamne.
815 3283 910 3347 istam
935 3303 1009 3348 sane
1032 3283 1170 3363 inuenio,
1196 3303 1274 3367 quae

221 3542 338 3599 2Exod.
360 3545 401 3607 13,
427 3544 457 3596 11
551 3547 567 3599 ῦ
591 3543 670 3597 Phile
696 3543 729 3597 de
753 3561 819 3598 sacr,
844 3547 878 3599 30
901 3546 974 3615 (182.
998 3546 1045 3607 27;
1069 3545 1082 3598 Ι
1106 3547 1168 3610 242,
1192 3547 1209 3600 8
1235 3547 1274 3611 C.)

132 3633 163 3684 11
184 3632 283 3685 Metth.
305 3634 345 3691 15.
367 3635 397 3686 11
420 3637 447 3686 et
468 3634 500 3686 18
520 3650 559 3702 eq.
636 3632 700 3685 191
720 3631 779 3686 Cer.
800 3636 824 3689 7.
846 3635 879 3688 14
950 3635 982 3688 21
1003 3633 1082 3687 Philo
1102 3635 1135 3688 de
1155 3652 1221 3690 sacr.
1242 3636 1275 3690 30

132 3721 205 3784 (183,
224 3724 253 3784 4;
272 3720 286 3774 Ι
305 3723 366 3786 243,
386 3723 402 3775 8
424 3722 465 3791 (ἶ.)

168 3863 185 3915 8
204 3864 311 3933 aliaque
332 3865 415 3917 etiarn
434 3864 555 3917 misteria
574 3865 602 3917 B
681 3866 697 3918 9
716 3881 769 3917 non
789 3882 805 3918 a
824 3870 851 3917 te
875 3866 961 3919 relata
981 3882 1031 3919 ora.
1050 3867 1084 3920 M
1165 3868 1195 3920 11
1217 3883 1275 3920 cum

131 3950 245 4009 iactaret:
267 3957 316 4005 nat
335 3968 518 4021 quaecumque
537 3952 711 4007 adridendum
776 3955 807 4007 17
828 3955 866 4007 hii
886 3955 1006 4009 SMAAE
1074 3960 1167 4009 coetus
1186 3955 1275 4011 SM?

133 4041 219 4092 caitus
239 4041 265 4093 A
292 4041 398 4110 cogitas
417 4041 452 4093 A‘
481 4046 556 4112 cetus
581 4043 607 4094 P
634 4046 709 4096 cetus
733 4043 776 4096 Μ’
799 4050 824 4096 ct
847 4049 890 4097 ral
911 4044 936 4096 V
957 4044 1028 4115 setus
1047 4044 1074 4097 B
1093 4043 1166 4097 fetus
1190 4044 1278 4098 Vm2

134 4128 166 4180 19
187 4130 238 4181 etsi
257 4129 279 4184 S
297 4134 336 4194 (et
355 4132 385 4183 ia
403 4146 459 4184 rna.
480 4147 512 4185 ea
531 4136 553 4199 e)
610 4133 761 4186 sanctificet
775 4132 894 4187 SMAA‘
913 4133 1064 4187 sanctificat
1082 4139 1130 4187 cet.
1181 4135 1213 4187 21
1236 4151 1277 4188 re·

132 4217 234 4269 seruari
253 4217 338 4271 SAA‘
358 4221 472 4273 resecari
491 4221 518 4273 P
589 4237 679 4274 rursus
699 4222 761 4275 AA‘
817 4224 851 4276 2?
871 4223 924 4276 ista
943 4222 999 4275 PV
