2836 4822
151 329 215 392 472
621 326 818 380 Ambrosii

151 522 332 604 incorrupta
366 523 473 585 futuro
506 520 655 586 animalia
686 522 738 585 uel
771 540 935 586 nemorosa
967 521 1082 586 omnia.
1117 541 1187 585 nam
1223 540 1297 584 cum
1367 531 1387 586 C

152 638 396 710 corrumpuntur
418 633 571 710 temporo,
596 632 841 711 corrumpuntur
864 629 960 692 etiam
984 628 1039 691 illa
1066 648 1146 709 quae
1175 633 1298 708 tempo·

151 736 238 799 ribus
259 735 326 799 suis
347 754 489 817 quaeque
509 735 692 818 gignuntur.
713 735 739 797 si
760 738 866 798 autem
886 735 1029 799 confusio
1050 736 1093 799 sit
1106 739 1297 818 temporum,

151 840 307 924 quomodo
323 844 458 924 possunt
472 840 654 905 contusione
668 842 751 905 facta
772 842 865 904 etiam
887 861 923 905 oa
942 861 1021 924 quae
1041 845 1116 905 sunt
1135 841 1299 925 gignentia

152 952 352 1032 permanere?
386 968 459 1032 ergo
497 952 640 1029 tempora
677 954 752 1011 eunt
788 967 869 1029 quae
907 952 962 1012 aut
999 952 1205 1030 corrumpunt
1242 954 1297 1012 aut
1331 978 1344 1015 5

150 1060 320 1125 resernant,
346 1059 439 1137 prout
462 1056 531 1138 ipsa
554 1055 604 1118 sui
628 1054 797 1118 habuerint
820 1054 1015 1136 qualitatem.
1041 1055 1175 1137 ideoque
1194 1073 1298 1118 annus

152 1183 187 1227 er
207 1162 370 1227 contrariis
391 1163 527 1238 ducitur,
548 1181 621 1225 uere
641 1165 792 1225 autumno
813 1165 932 1226 aestate
956 1166 1050 1243 atque
1073 1161 1187 1225 hieme.
1213 1161 1300 1225 sicut

152 1271 291 1335 armonia
315 1269 489 1334 cantilenae
513 1267 675 1349 permixtis
699 1268 850 1351 grauibus
879 1272 911 1332 et
939 1269 1041 1333 acutis
1069 1269 1197 1333 uidetur
1226 1287 1300 1333 con-

152 1381 275 1454 sistere,
300 1377 346 1442 sic
371 1395 444 1458 ergo
469 1380 501 1438 et
524 1374 661 1438 mundus
685 1375 747 1439 iste
771 1395 807 1438 ex
831 1376 995 1440 contrariis
1015 1377 1204 1454 continetur,
1226 1397 1298 1441 acre
1361 1385 1384 1438 Ι)

152 1491 184 1550 et
207 1490 298 1561 terra,
323 1483 390 1566 igni
415 1486 446 1546 et
466 1502 556 1563 aqua.
577 1485 684 1545 nostra
702 1501 827 1564 quoque
847 1502 977 1564 corpora
994 1483 1111 1567 frigore
1130 1486 1163 1547 et
1182 1486 1298 1550 calore.
1320 1514 1344 1551 ιο

151 1612 260 1656 umore
285 1594 317 1654 et
340 1590 484 1654 siccitate
508 1588 664 1670 quendam
688 1592 818 1653 naturae
847 1590 986 1654 ordinem
1011 1592 1147 1654 semant.
1173 1610 1245 1654 nam
1270 1592 1299 1655 si

151 1698 304 1763 naturalis
346 1696 420 1760 ordo
459 1715 494 1759 ac
533 1714 678 1759 mensura
717 1696 929 1773 contunditur,
966 1701 1043 1761 tunc
1081 1716 1212 1761 necesse
1249 1701 1301 1761 est

152 1808 304 1886 sequatur
331 1803 487 1866 interitus.
522 1821 596 1885 ergo
626 1805 746 1866 certum
776 1803 915 1867 ordinem
944 1807 1121 1884 temporum
1151 1802 1299 1868 dominus

151 1915 273 1975 remota
296 1910 481 1974 confusione
506 1909 618 1971 diluuii
644 1909 683 1972 ad
706 1909 974 1991 perseuerantiam
1003 1909 1109 1973 mundi
1139 1910 1302 1992 promittit

99 2020 141 2085 83
152 2019 304 2082 futurum.
339 2018 433 2081 altior
456 2022 560 2080 autem
587 2035 699 2079 sensus
723 2017 783 2079 hoc
807 2016 912 2092 habet,
938 2019 974 2080 ut
997 2035 1052 2099 per
1074 2035 1181 2080 semen
1205 2016 1299 2080 intel·
1319 2046 1343 2084 n

151 2127 295 2209 legamus
315 2123 516 2206 principium,
532 2142 588 2204 per
603 2141 738 2185 messem
755 2122 978 2205 intellegamus
993 2123 1096 2186 tinem.
1116 2123 1147 2186 in
1163 2125 1298 2202 utroque
1363 2131 1383 2184 B

152 2233 266 2295 salutis
299 2234 348 2294 est
376 2249 481 2294 causa.
512 2229 645 2292 alterum
676 2229 742 2292 siue
772 2228 870 2293 altero
899 2229 1107 2311 inperfectum
1136 2231 1194 2302 est,
1223 2229 1300 2310 quia

152 2340 210 2402 ait:
235 2339 300 2402 ‘ubi
320 2337 509 2419 principium
531 2340 589 2409 est,
610 2335 679 2399 iinis
700 2335 861 2417 quaeritur
879 2355 936 2400 nec
954 2339 1062 2417 potest
1081 2355 1151 2400 esse
1170 2335 1298 2400 subiato

152 2446 212 2509 tine
236 2445 427 2528 principium
451 2446 483 2506 et
511 2442 582 2507 finis
611 2443 641 2506 in
671 2442 862 2525 principium
889 2443 1041 2508 recurrit?
1072 2462 1145 2525 ergo
1175 2462 1300 2525 semper

153 2553 183 2615 in
210 2552 316 2616 eadem
342 2570 555 2627 recursurum,
580 2549 656 2612 dum
679 2549 710 2612 in
730 2550 790 2612 hoc
809 2550 926 2613 mundo
947 2553 1005 2627 est,
1025 2568 1125 2634 genus
1144 2555 1300 2614 memorat
1316 2578 1342 2618 ao

152 2659 335 2734 humanum,
361 2660 398 2720 ut
417 2676 488 2720 cum
509 2657 621 2736 incipit
640 2674 749 2731 annus,
770 2654 907 2731 finiatur,
928 2675 999 2720 cum
1019 2655 1136 2732 finitur,
1156 2654 1297 2738 incipiat,

153 2784 214 2829 non
239 2764 343 2828 medio
369 2763 506 2827 mundus
535 2765 675 2844 tempore
703 2764 892 2829 resoluatur.
924 2764 970 2827 ita
998 2767 1030 2827 et
1055 2783 1144 2828 mens
1173 2765 1298 2845 quando

153 2872 271 2954 aliquid
297 2871 424 2935 uidetur
447 2871 594 2952 incipere,
620 2869 657 2933 ud
686 2870 777 2934 finem
808 2890 910 2952 usque
939 2870 1107 2935 contendat
1134 2875 1166 2934 et
1193 2872 1297 2954 operis

154 2979 203 3043 sui
231 2978 400 3042 terminum
429 2980 569 3060 quaerat.
603 2976 726 3059 quando
755 2977 825 3041 finit
852 2976 980 3059 aliquod
1008 2996 1098 3060 opus,
1122 2996 1183 3041 non
1207 2978 1297 3060 quasi
1360 2982 1380 3036 F

153 3087 371 3149 consummato
388 3103 480 3167 opere
497 3083 636 3160 ferietur,
653 3083 752 3147 sedin
774 3084 835 3147 alia
853 3079 993 3150 recurrat
1011 3104 1105 3167 opera
1123 3088 1154 3149 et
1173 3103 1298 3167 semper
1313 3108 1338 3148 ss

152 3191 344 3253 incrementa
376 3189 505 3253 uirtutis
539 3192 689 3266 exerceat,
724 3188 848 3270 quando
882 3189 1009 3271 quidem
1043 3190 1130 3254 uidet
1157 3190 1241 3273 quod
1264 3190 1294 3253 in

152 3297 274 3361 fructus
306 3315 381 3361 snos
410 3315 534 3378 semper
562 3299 645 3360 terra
668 3297 842 3374 reuocetur,
869 3296 922 3378 qui
947 3296 1064 3360 diuersi
1087 3299 1144 3359 aut
1167 3316 1240 3360 uere
1264 3301 1296 3361 et

99 3407 272 3478 84aestatc
289 3410 324 3467 ut
339 3404 370 3466 in
386 3404 530 3486 partibus
546 3403 674 3468 orientis
691 3406 747 3466 arrt
762 3406 882 3466 aestate
898 3407 1113 3485 autumnoque
1127 3407 1295 3468 nascantur

190 3684 202 3735 l
223 3682 314 3735 futura
328 3687 394 3750 post
411 3699 553 3735 nemorosa
571 3688 756 3749 aaneponunr
774 3683 837 3736 DN
936 3700 996 3736 nam
1017 3699 1076 3736 cum
1094 3699 1116 3736 a.
1134 3701 1162 3737 a.
1181 3684 1215 3744 Ρ,
1236 3701 1293 3738 cum

368 3763 380 3785 V

151 3814 203 3854 om.
222 3798 250 3850 B
316 3796 453 3851 idicitur
475 3798 500 3850 Τ
569 3762 696 3864 autimno
717 3800 743 3850 P
814 3805 896 3868 atque
916 3816 965 3853 om.
985 3799 1107 3852 DNCM
1172 3799 1293 3855 Scanti-

150 3887 227 3939 lenae
246 3886 311 3949 Po
330 3886 448 3955 ireres.)
529 3886 768 3940 asiriaco!
861 3889 926 3958 iste]
945 3905 1004 3952 esse
1027 3888 1051 3940 Τ
1132 3889 1161 3942 ll
1183 3889 1294 3943 humore

156 3975 179 4026 Τ
180 3974 335 4028 ‘DNBCM
371 3975 403 4027 12
417 3991 589 4043 mensumpra
602 3976 629 4028 P
640 3977 720 4044 (corr.
735 3984 936 4046 mensu-supra)
955 3994 1107 4031 mensunra
1121 3977 1145 4030 Τ
1145 3978 1152 4002 ‘
1190 3979 1223 4032 13
1239 3996 1292 4043 cer·

151 4070 208 4128 tum
229 4067 330 4117 certum
349 4064 376 4116 P
446 4068 597 4131 temporum
617 4081 667 4117 om.
687 4066 714 4117 B
779 4067 810 4119 17
831 4067 894 4134 quia
913 4067 953 4130 eit
974 4067 1000 4120 Τ
1017 4066 1105 4136 quiae·
1123 4067 1151 4120 P
1168 4067 1233 4136 quia
1247 4074 1293 4122 cet.

153 4153 185 4206 18
206 4157 373 4222 potestesse
392 4169 424 4206 cc
443 4156 537 4221 postea
556 4161 587 4206 at
605 4155 717 4207 uirlctur
730 4155 757 4207 P
806 4157 836 4208 21
858 4155 970 4219 finiatur
982 4156 1043 4209 PT‘
1094 4157 1128 4210 25
1142 4155 1253 4210 finiatur
1266 4157 1294 4210 N

150 4242 260 4293 finietur
281 4240 339 4294 CM
409 4242 462 4294 alia
481 4243 507 4294 P
526 4242 545 4294 ri
565 4259 597 4295 erc
616 4248 628 4295 t
647 4243 702 4309 m3)
757 4244 790 4295 27
811 4246 859 4296 aut
877 4248 981 4297 aestate
1001 4243 1123 4297 Dn'c'M
