2836 4822
278 335 318 388 Dc
338 335 405 389 Cain
425 339 451 388 ct
470 334 539 389 Abel
558 335 584 388 Il
605 336 630 388 6.
651 337 675 393 7.
695 336 801 391 23-25
840 336 934 403 (1216
954 337 1063 391 3-217
1084 337 1126 401 F).
1201 341 1265 403 399

116 534 190 597 litas
215 531 433 597 consideratur
457 534 489 595 et
512 530 655 595 affectus.
680 535 765 595 recte
788 532 888 616 igitur
907 533 1034 616 optulit,
1054 534 1128 616 quia
1147 535 1265 600 oblatio
1291 539 1311 596 c

117 640 240 723 insigne
270 637 449 702 deuotionis
478 641 510 701 et
537 637 690 702 iudicium
720 639 891 722 gratiarum
920 643 979 718 est,
1009 640 1065 704 sed
1094 660 1154 704 uon
1182 646 1267 707 recte

117 747 239 822 diuisit,
274 745 349 827 quia
381 750 452 810 ante
484 745 590 810 omnia
618 745 676 810 deo
706 746 818 810 debuit
845 747 964 811 deferre
993 747 1161 830 primitias,
1190 754 1268 813 uta

119 854 220 939 gratia
246 853 410 917 inchoaret
437 852 585 916 auctoris.
616 852 733 916 etenim
762 853 929 917 diuisionis
958 854 1009 917 bic
1038 854 1113 919 ordo
1142 858 1201 931 est,
1231 860 1268 920 ot

86 961 220 1045 aprima
247 958 407 1036 secundis,
436 978 497 1023 uon
526 959 636 1041 primis
665 959 804 1024 secunda
831 966 1035 1043 praecurrant
1063 964 1095 1025 et
1118 963 1267 1027 caelestia

117 1067 261 1146 terrenis,
286 1086 347 1132 non
371 1071 494 1130 terrena
518 1066 710 1131 caelestibus
733 1067 957 1149 praeferantur.

10 1177 71 1250 ,24
164 1174 226 1240 Sed
264 1174 339 1256 quia
372 1172 448 1238 (lain
481 1173 625 1237 confudit
657 1173 741 1237 huuc
775 1173 925 1249 ordinem,
959 1173 1077 1238 dicitur
1109 1175 1152 1239 ei:
1185 1188 1309 1259 pec-D

119 1282 232 1355 casti;
268 1281 434 1363 quiesce.
468 1279 572 1343 omnia
606 1279 698 1344 docet
730 1279 818 1356 dens,
846 1281 984 1363 primum
1013 1301 1050 1345 ue
1078 1300 1201 1362 pecces,
1230 1287 1267 1346 ιιι

118 1388 149 1451 in
174 1388 274 1452 Adam
298 1388 430 1463 monuit,
452 1387 601 1463 secundo,
626 1385 654 1449 si
676 1386 869 1469 peccaueris,
894 1387 1050 1469 quiescas,
1074 1390 1112 1450 ut
1134 1387 1164 1450 in
1189 1387 1264 1453 Cain

75 1514 100 1554 ιο
120 1496 252 1559 doceris.
287 1493 470 1557 erubescere
501 1492 582 1556 enirn
612 1491 824 1557 debemuset
852 1493 1058 1558 condemnare
1090 1497 1266 1578 peccatum,

119 1622 180 1666 non
213 1600 390 1677 defendere,
424 1599 571 1682 quoniam
603 1598 722 1682 pudore
756 1598 849 1682 culpa
880 1600 1044 1678 minuitur,
1085 1599 1266 1665 defensioue

120 1708 311 1784 cumulatur,
340 1710 372 1769 et
399 1705 520 1769 silendo
550 1705 746 1789 corrigimur,
772 1706 970 1770 contentione
994 1707 1197 1790 prolabimur.
1223 1707 1265 1772 sit
1287 1722 1311 1776 Ε

120 1815 228 1879 saltim
256 1812 457 1888 uerecundia,
485 1812 542 1877 ubi
564 1831 626 1877 nou
651 1815 702 1876 est
725 1812 894 1877 absolutio.
918 1812 992 1877 inde
1014 1813 1108 1878 illud:
1138 1814 1265 1879 iustus

119 1922 156 1984 in
199 1920 349 1986 exordio
392 1918 575 1983 sermonis
618 1924 820 1983 accusator
861 1922 919 1983 est
960 1920 1028 1984 sui.
1076 1924 1108 1984 et
1149 1921 1265 1985 iterum

76 2028 197 2092 reolibi
235 2028 273 2091 ab
312 2026 382 2108 ipso
422 2025 548 2090 domiuo
587 2024 709 2090 dictum
745 2026 898 2108 legimus:
942 2026 1001 2091 dic
1038 2027 1265 2110 iniquitates

121 2139 216 2212 tuas,
250 2138 291 2198 ut
322 2132 568 2197 iustificeris.
602 2136 720 2214 quanta
746 2131 877 2213 pudoris
906 2132 1017 2217 gratia,
1047 2136 1084 2197 ut
1111 2133 1266 2197 iustitiam

120 2245 228 2306 teneat
251 2240 451 2315 uerecundia,
476 2258 571 2320 quam
596 2239 706 2321 culpae
730 2241 835 2302 reatus
860 2238 1040 2303 abstulerit!
1065 2239 1136 2304 ideo
1162 2244 1267 2306 autem

121 2347 179 2410 ait:
204 2347 370 2428 quiesce,
396 2345 545 2428 quoniam
567 2363 628 2409 non
647 2345 744 2409 habes
765 2345 849 2426 quod
868 2365 1009 2410 excuses.
1035 2348 1146 2430 eulpae
1165 2348 1267 2430 ipsius

121 2455 160 2518 ad
188 2459 219 2519 te
249 2454 413 2519 conuersio
443 2457 501 2518 est.
531 2471 592 2516 uon
621 2451 704 2515 enim
733 2451 830 2515 frater
857 2452 886 2516 ei
914 2452 1080 2534 addicitur,
1105 2454 1161 2518 sed
1185 2474 1269 2520 error

73 2582 102 2621 eo
121 2561 321 2638 adscribitur,
341 2561 433 2624 cuius
452 2560 520 2642 ipse
539 2559 600 2624 sibi
620 2562 730 2623 auctor
749 2563 807 2623 est.
825 2559 861 2623 in
881 2563 918 2623 te
936 2559 1041 2642 inquit
1059 2561 1269 2625 reuertitur
1290 2575 1312 2628 F

121 2668 271 2743 crimen,
297 2667 382 2750 qnod
406 2687 422 2730 a
445 2670 477 2730 te
511 2666 623 2748 eoepit.
657 2685 718 2730 non
752 2665 850 2729 habes
881 2665 913 2729 in
947 2686 1010 2749 quo
1043 2667 1267 2732 necessitatem

121 2774 223 2859 magis
257 2795 350 2856 quam
380 2776 518 2837 mentem
547 2776 636 2836 tuam
664 2792 788 2855 arguas.
818 2773 849 2836 iu
878 2775 910 2837 te
937 2776 1139 2856 retorquetur
1166 2775 1267 2858 inpro-

23 2882 71 2944 25
120 2881 203 2944 bitas
236 2886 302 2957 tua,
331 2883 372 2944 tn
400 2879 578 2962 princeps
607 2898 645 2942 cs
674 2879 795 2943 illius
828 2879 907 2942 bene
936 2879 994 2943 ait:
1023 2883 1062 2943 tu
1090 2880 1266 2962 princeps

121 3007 159 3052 es
182 2987 304 3052 illins.
336 2987 453 3050 etenim
476 2985 611 3067 inpietas
637 2988 738 3049 mater
761 2985 914 3067 quaedam
939 2988 990 3049 est
1013 2984 1211 3063 delictorum,
1236 2990 1268 3050 et

72 3116 102 3156 eo
122 3095 175 3176 qui
204 3095 350 3174 grauiora
377 3093 556 3177 peccauerit
584 3094 613 3156 in
643 3096 748 3156 cetera
774 3091 866 3156 facile
894 3092 1079 3173 prolabitur.
1109 3092 1266 3174 quomodo

121 3202 205 3265 enim
243 3205 351 3284 potest
383 3200 420 3264 ab
454 3199 600 3263 humanis
634 3204 808 3281 temperare
841 3197 896 3278 qni
929 3197 1036 3261 diuina
1068 3198 1204 3262 uiolauit
1235 3201 1268 3262 et

210 3410 225 3461 7
247 3409 312 3464 Gen.
332 3411 358 3474 4,
378 3410 393 3462 7
414 3408 492 3462 Philo
513 3406 624 3473 Quaest.
644 3408 710 3461 165
780 3407 813 3460 13
832 3406 959 3460 Proucrb.
981 3407 1023 3470 13,
1044 3407 1075 3459 11
1142 3408 1174 3459 15
1194 3407 1265 3459 Esai.

120 3499 166 3566 43,
185 3499 220 3553 26
274 3498 309 3551 20
329 3495 396 3551 Gen.
416 3497 478 3558 4,7
534 3493 1053 3559 23Gen.4‚7PhiloQuaest.166

159 3624 171 3676 l
194 3626 221 3675 et
241 3638 291 3676 ora.
311 3621 347 3674 M
450 3620 537 3687 igitur
555 3619 615 3673 cuin
635 3620 697 3681 Ba,
712 3620 782 3686 fort.
802 3617 902 3671 obtulit
922 3617 999 3684 Cain,
1018 3618 1093 3684 quod
1108 3618 1267 3684 praeferam

157 3711 258 3780 optulit
277 3709 330 3764 SV
347 3709 448 3763 obtulit
466 3714 513 3763 cet.
578 3710 595 3762 2
615 3712 642 3760 et
661 3707 790 3760 indicium
810 3723 860 3759 om.
880 3707 917 3760 Μ
984 3707 999 3759 7
1019 3705 1143 3759 confudit
1161 3706 1266 3759 ΒΜῬ

121 3798 262 3854 confundit
282 3805 329 3853 cet.
398 3798 542 3866 8quieece
562 3797 598 3850 M
616 3802 688 3860 (cecc
707 3798 738 3848 r'n
757 3801 825 3858 rae.)
893 3796 993 3862 9sort.
1019 3801 1079 3849 <uto
1093 3795 1115 3846 si
1186 3796 1217 3848 12
1236 3794 1267 3849 fit

122 3891 164 3955 (ia
182 3907 231 3958 ηις).
252 3888 298 3952 sit)
320 3887 342 3942 S
397 3888 429 3941 13
449 3886 546 3940 saltem
566 3885 695 3938 BPM‘V
749 3886 781 3938 15
800 3885 867 3937 alibi
884 3885 936 3938 boc
955 3886 1012 3938 loco
1031 3883 1074 3950 M,
1093 3885 1123 3936 in
1142 3883 1176 3937 S:
1196 3901 1266 3938 crna.

122 3981 164 4043 (in
187 3995 237 4047 ηιμ.
260 3983 302 4030 ml
325 3975 400 4043 alibi,
423 3976 471 4028 scd
493 3981 591 4041 erae.),·
610 3975 675 4027 alibi
690 3979 756 4043 poet
775 3973 875 4028 dictum
896 3981 1083 4041 transponunt
1102 3973 1125 4025 S
1143 3975 1269 4041 (punctis

120 4067 278 4134 subpositis,
302 4066 350 4119 sed
372 4065 459 4118 masis
482 4064 610 4126 deletura)
635 4069 683 4118 cet.
787 4063 818 4115 17
843 4062 938 4131 culpae
962 4063 983 4116 S
1002 4066 1048 4114 m3
1068 4061 1145 4131 culpe
1168 4063 1268 4116 MAA‘

121 4156 201 4224 culpa
219 4155 351 4208 Snrlcet.
443 4153 595 4206 abstulerat
614 4153 641 4204 B
697 4153 731 4206 23
750 4151 824 4205 illius
844 4168 872 4203 cs
891 4150 927 4203 M
1011 4151 1218 4205 bone...illins
1237 4151 1269 4204 in

121 4262 173 4314 my.
194 4244 217 4298 S
269 4245 303 4297 24
323 4261 351 4296 es
371 4259 442 4296 eros
462 4242 491 4309 S,
511 4259 562 4296 oua
581 4241 679 4295 MAAE
