2836 4822
155 324 222 390 418
432 360 435 364 Δ
629 320 824 373 Ambrosii

155 521 220 584 iam
246 518 368 582 iustum
398 516 528 581 dixerim
556 516 617 580 nisi
650 516 761 580 horum
794 517 930 580 liberum
963 501 1173 592 uinculorum,
1214 536 1325 598 quern
1401 598 1404 603 .

156 630 287 691 naturae
316 623 491 690 communis
519 623 649 688 uincula
676 644 736 689 nou
765 628 911 689 teneant?
945 641 1054 687 omnes
1083 622 1142 686 sub
1171 627 1324 704 peccato

155 733 196 799 ab
224 731 337 809 Adam,
365 732 397 795 in
427 750 535 796 omnes
563 731 717 815 regnabat
743 751 838 796 mors.
872 730 980 794 ueniat
1013 731 1100 793 solus
1134 728 1251 794 iustus
1285 731 1322 795 in
1400 722 1410 801 ξ

156 841 329 921 conspectu
353 837 413 914 dei,
439 837 476 900 de
501 837 649 919 quoiam
674 856 733 901 nou
758 856 832 901 cum
856 837 1037 918 exceptione
1062 836 1202 899 dicatur:
1236 857 1322 903 non

155 944 350 1026 peccauit
376 944 413 1007 in
441 943 568 1008 labiis
597 944 701 1021 suis,
733 943 805 1008 sed:
838 947 1050 1026 peccatum
1084 961 1156 1005 nou
1189 941 1319 1010 fecit.
1354 978 1368 1021 s

1392 1076 1401 1095 Ι.

1392 1152 1397 1163 ι

1385 1202 1394 1213 ι

1386 1360 1397 1379 Q

1392 952 1410 1039 s

1398 1042 1410 1117 l

1402 1124 1410 1165 a

1398 1206 1410 1307 i

1393 1348 1410 1421 {l

64 1454 131 1538 4,8
202 1449 399 1533 Gigantes
429 1452 561 1514 autem
587 1451 700 1513 erant
727 1448 765 1511 in
794 1452 903 1512 terra
932 1448 1075 1512 diebus
1104 1447 1208 1512 illis.
1247 1469 1316 1514 non
1372 1422 1410 1531 ff

154 1560 321 1639 poetarum
345 1576 431 1621 more
456 1557 603 1640 gigantas
627 1556 700 1618 illos
726 1559 825 1619 terrae
849 1553 932 1619 filios
956 1556 1028 1619 uult
1052 1554 1152 1618 uideri
1176 1554 1316 1622 diuinae
1406 1544 1410 1573 ³

155 1662 330 1745 scripturae
363 1662 515 1741 conditor,
550 1662 606 1726 scd
639 1681 673 1725 er
707 1662 829 1744 angelis
858 1667 889 1726 et
916 1661 1103 1726 mulieribus
1137 1665 1315 1744 generatos
1392 1740 1399 1755 ⁸

155 1768 275 1833 adserit
298 1788 377 1850 qrros
401 1769 461 1832 hoc
494 1769 635 1852 appellat
666 1769 823 1835 uocabulo
853 1769 964 1833 uolens
994 1787 1102 1832 eorum
1131 1767 1315 1848 exprimere
1381 1752 1391 1849 J

155 1875 408 1960 magnitudinem
440 1875 590 1956 corporis,
625 1879 657 1938 et
689 1875 926 1940 consideremus
959 1894 996 1938 ne
1025 1874 1106 1938 forte
1135 1874 1313 1956 gigantum
1334 1906 1360 1949 u

155 1983 278 2048 similes
311 1983 375 2064 sint
406 1982 550 2046 homines
588 1981 677 2046 cultu
715 1982 880 2046 studentes
918 1982 1018 2045 carnis
1056 1999 1141 2057 suae,
1180 1981 1313 2047 animae
1401 1994 1404 2005 '

155 2094 262 2155 autem
280 2090 400 2153 nnllam
420 2109 527 2152 curam
546 2089 710 2163 habentes,
731 2089 817 2153 sicut
838 2088 886 2152 illi
907 2089 960 2171 qni
976 2088 1110 2152 deterre
1127 2089 1312 2153 secuudum
1365 2090 1368 2097 ’

154 2197 314 2280 poeticam
329 2197 389 2260 orti
408 2197 548 2260 tabulam
569 2197 652 2260 mole
672 2196 810 2277 corporis
830 2196 880 2259 sui
900 2195 971 2259 freti
990 2195 1135 2259 feruntur
1152 2194 1312 2260 babuisse

155 2306 374 2385 contemptum
399 2321 594 2384 superorum.
619 2322 656 2366 au
681 2303 822 2385 dispares
845 2303 1030 2366 aestimandi
1051 2306 1126 2365 sunt
1144 2301 1209 2382 qui,
1232 2322 1311 2367 cum
1367 2306 1392 2369 Ι

155 2430 192 2475 er
216 2411 319 2473 anima
343 2412 488 2473 constent
507 2428 542 2473 ac
563 2427 699 2492 corpore,
720 2408 836 2472 mentis
855 2409 1010 2492 uigorem,
1031 2428 1093 2491 qua
1111 2407 1189 2471 uilril
1208 2409 1312 2474 babet
1329 2436 1355 2481 ι

156 2518 261 2582 anima
292 2516 473 2598 pretiosius,
507 2519 692 2579 auersautur
725 2519 757 2580 et
789 2536 822 2579 se
856 2517 955 2580 carnis
993 2515 1089 2580 liuius
1125 2516 1309 2583 imitatores
1380 2502 1388 2515 '

155 2625 248 2689 uelut
270 2627 429 2687 maternae
454 2622 600 2687 exhibent
624 2621 810 2687 stoliditatis
833 2623 986 2687 heredes?
1007 2624 1113 2705 itaque
1131 2623 1163 2687 in
1184 2642 1310 2690 uanum
1340 2692 1345 2699 ,

155 2731 300 2796 laborant
324 2730 446 2794 caelum
470 2729 555 2794 uotis
577 2733 767 2811 usurpantes
789 2730 932 2812 superbis
953 2734 984 2794 et
1002 2730 1133 2793 terrenis
1154 2727 1309 2812 operibus
1396 2744 1401 2751 ·

156 2837 354 2914 incubantes,
389 2837 442 2919 qui
476 2836 626 2901 electione
660 2835 816 2899 inferioris
850 2839 882 2900 et
913 2840 1096 2919 contemptu
1130 2837 1309 2919 superioris

157 2945 309 3011 consortii
336 2947 497 3026 tamquam
525 2944 714 3008 uoluntariis
744 2943 868 3008 obnoxii
895 2945 1033 3026 peccatis
1063 2944 1205 3027 grauiore
1232 2965 1354 3013 con-n

111 3048 344 3114 9demnautur
372 3051 551 3114 seueritate.
586 3049 771 3132 plerumque
801 3050 929 3133 angelos
959 3050 1040 3114 filios
1072 3049 1121 3113 dei
1146 3048 1309 3132 scriptura
1352 3056 1402 3121 ΙΙ

157 3161 261 3234 uocat,
293 3157 366 3238 quia
391 3175 426 3220 er
450 3156 537 3221 nullo
561 3156 688 3221 homine
713 3159 901 3238 generantur
924 3156 1055 3220 animae.
1085 3156 1192 3238 itaque
1215 3158 1308 3222 uiros

245 3434 357 3487 2llom.
377 3434 401 3496 3,
421 3435 449 3488 9:
470 3437 496 3498 -5,
517 3435 549 3487 14
596 3434 680 3487 dlob
702 3436 725 3497 1,
745 3436 778 3487 22
834 3434 1071 3496 alpergae
1117 3431 1306 3499 6Gen.6‚4

155 3523 236 3577 Philo
257 3521 368 3588 Quaest.
388 3522 454 3574 192
510 3523 538 3575 21
564 3520 630 3574 Gen.
651 3523 675 3578 6.
695 3526 710 3576 ‘2
732 3528 759 3576 et
777 3525 794 3576 4

191 3702 293 3767 lpnto
314 3701 485 3767 conspectum
592 3698 608 3750 6
627 3699 653 3751 in
674 3698 769 3752 dicbus
792 3700 859 3753 Y‘N
962 3701 976 3752 7
998 3702 1124 3769 gigantas
1143 3699 1171 3752 P
1188 3701 1212 3770 (e
1232 3716 1255 3753 a.
1277 3705 1304 3765 a)

155 3790 283 3857 gigantes
303 3793 349 3841 cet.
388 3786 541 3854 {temporis
561 3788 706 3856 exprimere
726 3788 940 3856 magnitudinem
961 3789 993 3840 N
1033 3791 1061 3841 ll
1084 3790 1139 3840 siut
1158 3786 1311 3844 simileaN

193 3876 276 3929 cultui
296 3876 323 3928 P
341 3876 361 3945 (i
380 3878 436 3939 2222)
457 3880 503 3928 cet.
557 3876 589 3928 14
610 3877 775 3945 superiorum
795 3876 848 3928 PB
901 3879 932 3930 15
954 3877 1125 3930 coustant?
1197 3882 1225 3930 et
1245 3895 1305 3932 cor·

155 3980 219 4033 pore
240 3964 266 4016 B
339 3964 441 4031 uigoris
454 3963 487 4015 N
503 3965 522 4032 (i
543 3964 590 4018 all.
610 3964 641 4016 in
659 3967 726 4026 ros)
810 3966 873 4033 qnia
892 3966 919 4018 P
938 3966 957 4029 (i
977 3977 1058 4031 cres.)
1080 3983 1132 4034 quo
1151 3965 1178 4018 B
1198 3982 1253 4034 qua
1272 3982 1306 4023 ea

155 4052 221 4119 quia
240 4051 272 4103 N
325 4053 357 4105 16
377 4056 536 4104 aucrsentur
559 4052 778 4105 Yaduersautur
802 4053 832 4105 T'
903 4055 934 4107 17
955 4055 1018 4108 stoli
1041 4055 1102 4118 ialal.
1122 4061 1174 4117 orl)
1194 4055 1304 4110 stolidi·

156 4141 222 4194 tatis
241 4141 268 4192 P
340 4143 373 4194 19
392 4142 484 4194 inferis
506 4143 531 4194 'l'
601 4142 636 4195 20
656 4142 774 4210 grauiori
794 4143 824 4194 N
895 4145 926 4196 ‘ll
950 4146 1095 4197 securitate
1115 4143 1147 4195 N
1219 4148 1306 4199 uocat

155 4229 289 4298 scriptura
307 4229 338 4281 Ν
392 4230 426 4282 ‘22
445 4230 551 4282 arrianae
570 4229 597 4281 P
616 4234 642 4294 (a
657 4246 701 4297 pr.
721 4231 752 4282 iu
771 4247 828 4283 roc.
848 4234 903 4299 m2t
