<?xml version="1.0" encoding="UTF-8"?>
<!DOCTYPE html PUBLIC "-//W3C//DTD XHTML 1.0 Transitional//EN"
    "http://www.w3.org/TR/xhtml1/DTD/xhtml1-transitional.dtd">
<html xmlns="http://www.w3.org/1999/xhtml" xml:lang="en" lang="en">
 <head>
  <title>
</title>
<meta http-equiv="Content-Type" content="text/html;charset=utf-8" />
  <meta name='ocr-system' content='tesseract 3.04.00' />
  <meta name='ocr-capabilities' content='ocr_page ocr_carea ocr_par ocr_line ocrx_word'/>
</head>
<body>
  <div class='ocr_page' id='page_1' title='image "./sanctiambrosiio02petsgoog_0417.png"; bbox 0 0 2836 4822; ppageno 0'>
   <div class='ocr_carea' id='block_1_1' title="bbox 134 334 800 402">
    <p class='ocr_par' dir='ltr' id='par_1_1' title="bbox 134 334 800 402">
     <span class='ocr_line' id='line_1_1' title="bbox 134 334 800 402; baseline 0.003 -18"><span class='ocrx_word' id='word_1_1' title='bbox 134 339 200 402; x_wconf 78' lang='grc'>406</span> <span class='ocrx_word' id='word_1_2' title='bbox 606 334 800 387; x_wconf 71' lang='lat' dir='ltr'>Arrrbrosii</span> 
     </span>
    </p>
   </div>
   <div class='ocr_carea' id='block_1_2' title="bbox 78 530 1394 3716">
    <p class='ocr_par' dir='ltr' id='par_1_2' title="bbox 133 530 1378 720">
     <span class='ocr_line' id='line_1_2' title="bbox 133 530 1378 613; baseline -0.002 -20"><span class='ocrx_word' id='word_1_3' title='bbox 133 549 226 612; x_wconf 88' lang='lat' dir='ltr'>posse</span> <span class='ocrx_word' id='word_1_4' title='bbox 260 530 431 601; x_wconf 82' lang='lat' dir='ltr'>committi;</span> <span class='ocrx_word' id='word_1_5' title='bbox 466 533 636 611; x_wconf 90' lang='lat' dir='ltr'>potuerunt</span> <span class='ocrx_word' id='word_1_6' title='bbox 669 530 752 594; x_wconf 91' lang='lat' dir='ltr'>euim</span> <span class='ocrx_word' id='word_1_7' title='bbox 783 534 814 596; x_wconf 89' lang='lat' dir='ltr'>et</span> <span class='ocrx_word' id='word_1_8' title='bbox 836 535 982 613; x_wconf 86' lang='lat' dir='ltr'>parentes</span> <span class='ocrx_word' id='word_1_9' title='bbox 1007 531 1044 594; x_wconf 90' lang='lat' dir='ltr'>de</span> <span class='ocrx_word' id='word_1_10' title='bbox 1068 530 1134 596; x_wconf 89' lang='lat' dir='ltr'>filio</span> <span class='ocrx_word' id='word_1_11' title='bbox 1160 532 1289 597; x_wconf 81' lang='lat' dir='ltr'>discere</span> <span class='ocrx_word' id='word_1_12' title='bbox 1355 538 1378 590; x_wconf 86' lang='lat' dir='ltr'><em>D</em></span> 
     </span>
     <span class='ocr_line' id='line_1_3' title="bbox 134 636 787 720; baseline 0.003 -20"><span class='ocrx_word' id='word_1_13' title='bbox 134 638 218 718; x_wconf 85' lang='lat' dir='ltr'>quod</span> <span class='ocrx_word' id='word_1_14' title='bbox 242 636 421 701; x_wconf 88' lang='lat' dir='ltr'>didicerunt</span> <span class='ocrx_word' id='word_1_15' title='bbox 443 637 562 719; x_wconf 79' lang='lat' dir='ltr'>posteri</span> <span class='ocrx_word' id='word_1_16' title='bbox 587 638 624 701; x_wconf 93' lang='lat' dir='ltr'>de</span> <span class='ocrx_word' id='word_1_17' title='bbox 649 641 787 720; x_wconf 86' lang='lat' dir='ltr'>parente.</span> 
     </span>
    </p>

    <p class='ocr_par' dir='ltr' id='par_1_3' title="bbox 79 741 1368 1576">
     <span class='ocr_line' id='line_1_4' title="bbox 79 741 1368 828; baseline 0 -24"><span class='ocrx_word' id='word_1_18' title='bbox 79 741 123 804; x_wconf 74' lang='lat'>34</span> <span class='ocrx_word' id='word_1_19' title='bbox 176 743 269 807; x_wconf 89' lang='lat' dir='ltr'>Nunc</span> <span class='ocrx_word' id='word_1_20' title='bbox 294 745 531 809; x_wconf 81' lang='lat' dir='ltr'>consideremus</span> <span class='ocrx_word' id='word_1_21' title='bbox 557 764 617 827; x_wconf 92' lang='lat' dir='ltr'>qua</span> <span class='ocrx_word' id='word_1_22' title='bbox 650 764 746 810; x_wconf 86' lang='lat' dir='ltr'>causa</span> <span class='ocrx_word' id='word_1_23' title='bbox 779 745 891 809; x_wconf 78' lang='lat' dir='ltr'>dixerit</span> <span class='ocrx_word' id='word_1_24' title='bbox 923 745 1014 809; x_wconf 90' lang='lat' dir='ltr'>deus:</span> <span class='ocrx_word' id='word_1_25' title='bbox 1049 747 1177 825; x_wconf 85' lang='lat' dir='ltr'>omnis</span> <span class='ocrx_word' id='word_1_26' title='bbox 1213 747 1283 828; x_wconf 91' lang='lat' dir='ltr'>qui</span> <span class='ocrx_word' id='word_1_27' title='bbox 1346 750 1368 804; x_wconf 79' lang='grc' dir='ltr'><strong>Ε</strong></span> 
     </span>
     <span class='ocr_line' id='line_1_5' title="bbox 134 850 1284 937; baseline 0.003 -23"><span class='ocrx_word' id='word_1_28' title='bbox 134 850 339 915; x_wconf 89' lang='lat' dir='ltr'>occiderit</span> <span class='ocrx_word' id='word_1_29' title='bbox 364 851 458 916; x_wconf 81' lang='lat' dir='ltr'>Cain</span> <span class='ocrx_word' id='word_1_30' title='bbox 494 852 652 935; x_wconf 88' lang='lat' dir='ltr'>septies</span> <span class='ocrx_word' id='word_1_31' title='bbox 686 851 913 917; x_wconf 89' lang='lat' dir='ltr'>uindictam</span> <span class='ocrx_word' id='word_1_32' title='bbox 947 852 1137 916; x_wconf 83' lang='lat' dir='ltr'>exsoluet</span> <span class='ocrx_word' id='word_1_33' title='bbox 1162 856 1194 917; x_wconf 92' lang='lat' dir='ltr'>et</span> <span class='ocrx_word' id='word_1_34' title='bbox 1219 873 1284 937; x_wconf 81' lang='lat' dir='ltr'>qrra</span> 
     </span>
     <span class='ocr_line' id='line_1_6' title="bbox 132 957 1325 1042; baseline 0.005 -22"><span class='ocrx_word' id='word_1_35' title='bbox 132 958 252 1023; x_wconf 90' lang='lat' dir='ltr'>ratione</span> <span class='ocrx_word' id='word_1_36' title='bbox 286 958 414 1042; x_wconf 87' lang='lat' dir='ltr'>signum</span> <span class='ocrx_word' id='word_1_37' title='bbox 447 977 541 1040; x_wconf 90' lang='lat' dir='ltr'>super</span> <span class='ocrx_word' id='word_1_38' title='bbox 573 978 644 1022; x_wconf 93' lang='lat' dir='ltr'>eum</span> <span class='ocrx_word' id='word_1_39' title='bbox 678 957 815 1041; x_wconf 91' lang='lat' dir='ltr'>ponitur,</span> <span class='ocrx_word' id='word_1_40' title='bbox 849 977 887 1022; x_wconf 88' lang='lat' dir='ltr'>ue</span> <span class='ocrx_word' id='word_1_41' title='bbox 921 957 1081 1023; x_wconf 90' lang='lat' dir='ltr'>occidatur</span> <span class='ocrx_word' id='word_1_42' title='bbox 1114 959 1282 1040; x_wconf 83' lang='lat' dir='ltr'>parricida,</span> <span class='ocrx_word' id='word_1_43' title='bbox 1311 987 1325 1026; x_wconf 78' lang='lat' dir='ltr'>r</span> 
     </span>
     <span class='ocr_line' id='line_1_7' title="bbox 132 1065 1280 1148; baseline 0.002 -20"><span class='ocrx_word' id='word_1_44' title='bbox 132 1083 204 1128; x_wconf 88' lang='lat' dir='ltr'>cunr</span> <span class='ocrx_word' id='word_1_45' title='bbox 229 1070 434 1148; x_wconf 87' lang='lat' dir='ltr'>prospectum</span> <span class='ocrx_word' id='word_1_46' title='bbox 458 1085 519 1130; x_wconf 91' lang='lat' dir='ltr'>uon</span> <span class='ocrx_word' id='word_1_47' title='bbox 542 1065 648 1143; x_wconf 84' lang='lat' dir='ltr'>fuerit,</span> <span class='ocrx_word' id='word_1_48' title='bbox 672 1084 710 1129; x_wconf 90' lang='lat' dir='ltr'>ue</span> <span class='ocrx_word' id='word_1_49' title='bbox 734 1065 883 1129; x_wconf 87' lang='lat' dir='ltr'>innocens</span> <span class='ocrx_word' id='word_1_50' title='bbox 912 1065 1118 1130; x_wconf 82' lang='lat' dir='ltr'>occideretur.</span> <span class='ocrx_word' id='word_1_51' title='bbox 1144 1071 1280 1130; x_wconf 86' lang='lat' dir='ltr'>octauus</span> 
     </span>
     <span class='ocr_line' id='line_1_8' title="bbox 132 1172 1280 1255; baseline 0.002 -20"><span class='ocrx_word' id='word_1_52' title='bbox 132 1175 182 1236; x_wconf 86' lang='lat' dir='ltr'>est</span> <span class='ocrx_word' id='word_1_53' title='bbox 214 1173 319 1249; x_wconf 88' lang='lat' dir='ltr'>homo,</span> <span class='ocrx_word' id='word_1_54' title='bbox 348 1172 444 1237; x_wconf 89' lang='lat' dir='ltr'>babet</span> <span class='ocrx_word' id='word_1_55' title='bbox 476 1172 670 1250; x_wconf 81' lang='lat' dir='ltr'>rationabile,</span> <span class='ocrx_word' id='word_1_56' title='bbox 701 1192 762 1255; x_wconf 90' lang='lat' dir='ltr'>quo</span> <span class='ocrx_word' id='word_1_57' title='bbox 795 1175 936 1255; x_wconf 87' lang='lat' dir='ltr'>praestet</span> <span class='ocrx_word' id='word_1_58' title='bbox 968 1173 1093 1244; x_wconf 85' lang='lat' dir='ltr'>ceteris,</span> <span class='ocrx_word' id='word_1_59' title='bbox 1122 1173 1219 1237; x_wconf 88' lang='lat' dir='ltr'>habet</span> <span class='ocrx_word' id='word_1_60' title='bbox 1247 1177 1280 1237; x_wconf 92' lang='lat' dir='ltr'>et</span> 
     </span>
     <span class='ocr_line' id='line_1_9' title="bbox 132 1278 1277 1364; baseline 0.003 -23"><span class='ocrx_word' id='word_1_61' title='bbox 132 1279 271 1360; x_wconf 86' lang='lat' dir='ltr'>quinque</span> <span class='ocrx_word' id='word_1_62' title='bbox 305 1278 444 1361; x_wconf 87' lang='lat' dir='ltr'>corporis</span> <span class='ocrx_word' id='word_1_63' title='bbox 473 1298 597 1352; x_wconf 87' lang='lat' dir='ltr'>sensus,</span> <span class='ocrx_word' id='word_1_64' title='bbox 622 1278 718 1343; x_wconf 88' lang='lat' dir='ltr'>habet</span> <span class='ocrx_word' id='word_1_65' title='bbox 741 1278 837 1342; x_wconf 88' lang='lat' dir='ltr'>etiam</span> <span class='ocrx_word' id='word_1_66' title='bbox 862 1296 985 1343; x_wconf 89' lang='lat' dir='ltr'>uocem.</span> <span class='ocrx_word' id='word_1_67' title='bbox 1010 1278 1107 1342; x_wconf 87' lang='lat' dir='ltr'>babet</span> <span class='ocrx_word' id='word_1_68' title='bbox 1131 1283 1163 1343; x_wconf 89' lang='lat' dir='ltr'>et</span> <span class='ocrx_word' id='word_1_69' title='bbox 1184 1300 1277 1364; x_wconf 84' lang='lat' dir='ltr'>geue·</span> 
     </span>
     <span class='ocr_line' id='line_1_10' title="bbox 131 1385 1359 1470; baseline 0 -20"><span class='ocrx_word' id='word_1_70' title='bbox 131 1385 220 1450; x_wconf 88' lang='lat' dir='ltr'>randi</span> <span class='ocrx_word' id='word_1_71' title='bbox 245 1387 390 1469; x_wconf 85' lang='lat' dir='ltr'>gratiam.</span> <span class='ocrx_word' id='word_1_72' title='bbox 415 1386 491 1451; x_wconf 88' lang='lat' dir='ltr'>haec</span> <span class='ocrx_word' id='word_1_73' title='bbox 517 1391 640 1468; x_wconf 86' lang='lat' dir='ltr'>septem</span> <span class='ocrx_word' id='word_1_74' title='bbox 664 1387 725 1451; x_wconf 92' lang='lat' dir='ltr'>nisi</span> <span class='ocrx_word' id='word_1_75' title='bbox 748 1387 804 1451; x_wconf 94' lang='lat' dir='ltr'>illo</span> <span class='ocrx_word' id='word_1_76' title='bbox 825 1386 1004 1450; x_wconf 82' lang='lat' dir='ltr'>rationabili</span> <span class='ocrx_word' id='word_1_77' title='bbox 1023 1389 1181 1470; x_wconf 87' lang='lat' dir='ltr'>regantur,</span> <span class='ocrx_word' id='word_1_78' title='bbox 1203 1387 1276 1452; x_wconf 93' lang='lat' dir='ltr'>sub·</span> <span class='ocrx_word' id='word_1_79' title='bbox 1339 1397 1359 1450; x_wconf 83' lang='lat' dir='ltr'>F</span> 
     </span>
     <span class='ocr_line' id='line_1_11' title="bbox 131 1493 1322 1576; baseline 0.003 -21"><span class='ocrx_word' id='word_1_80' title='bbox 131 1493 213 1556; x_wconf 86' lang='lat' dir='ltr'>lecta</span> <span class='ocrx_word' id='word_1_81' title='bbox 235 1493 331 1557; x_wconf 88' lang='lat' dir='ltr'>morti</span> <span class='ocrx_word' id='word_1_82' title='bbox 354 1495 439 1557; x_wconf 89' lang='lat' dir='ltr'>suut.</span> <span class='ocrx_word' id='word_1_83' title='bbox 464 1495 497 1556; x_wconf 90' lang='lat' dir='ltr'>et</span> <span class='ocrx_word' id='word_1_84' title='bbox 518 1493 589 1557; x_wconf 93' lang='lat' dir='ltr'>ideo</span> <span class='ocrx_word' id='word_1_85' title='bbox 615 1496 734 1558; x_wconf 89' lang='lat' dir='ltr'>stultus</span> <span class='ocrx_word' id='word_1_86' title='bbox 754 1494 785 1557; x_wconf 90' lang='lat' dir='ltr'>in</span> <span class='ocrx_word' id='word_1_87' title='bbox 806 1493 855 1557; x_wconf 86' lang='lat' dir='ltr'>nis</span> <span class='ocrx_word' id='word_1_88' title='bbox 874 1493 970 1557; x_wconf 89' lang='lat' dir='ltr'>habet</span> <span class='ocrx_word' id='word_1_89' title='bbox 989 1512 1081 1557; x_wconf 91' lang='lat' dir='ltr'>omne</span> <span class='ocrx_word' id='word_1_90' title='bbox 1099 1493 1277 1576; x_wconf 89' lang='lat' dir='ltr'>periculum</span> <span class='ocrx_word' id='word_1_91' title='bbox 1298 1519 1322 1558; x_wconf 79' lang='grc' dir='ltr'>ιο</span> 
     </span>
    </p>

    <p class='ocr_par' dir='ltr' id='par_1_4' title="bbox 87 1599 1322 2326">
     <span class='ocr_line' id='line_1_12' title="bbox 87 1599 1277 1684; baseline -0.005 -14"><span class='ocrx_word' id='word_1_92' title='bbox 87 1666 89 1670; x_wconf 14' lang='lat' dir='ltr'>a</span> <span class='ocrx_word' id='word_1_93' title='bbox 131 1599 193 1665; x_wconf 83' lang='lat' dir='ltr'>sui.</span> <span class='ocrx_word' id='word_1_94' title='bbox 218 1601 272 1683; x_wconf 92' lang='lat' dir='ltr'>qui</span> <span class='ocrx_word' id='word_1_95' title='bbox 296 1619 370 1684; x_wconf 83' lang='lat' dir='ltr'>ergo</span> <span class='ocrx_word' id='word_1_96' title='bbox 393 1599 580 1666; x_wconf 81' lang='lat' dir='ltr'>rationabile</span> <span class='ocrx_word' id='word_1_97' title='bbox 603 1601 684 1665; x_wconf 84' lang='lat' dir='ltr'>illud</span> <span class='ocrx_word' id='word_1_98' title='bbox 708 1601 849 1666; x_wconf 85' lang='lat' dir='ltr'>amiserit</span> <span class='ocrx_word' id='word_1_99' title='bbox 867 1601 984 1665; x_wconf 84' lang='lat' dir='ltr'>frustra</span> <span class='ocrx_word' id='word_1_100' title='bbox 1003 1599 1041 1664; x_wconf 91' lang='lat' dir='ltr'>de</span> <span class='ocrx_word' id='word_1_101' title='bbox 1059 1600 1193 1664; x_wconf 89' lang='lat' dir='ltr'>istorum</span> <span class='ocrx_word' id='word_1_102' title='bbox 1215 1599 1277 1664; x_wconf 90' lang='lat' dir='ltr'>sibi</span> 
     </span>
     <span class='ocr_line' id='line_1_13' title="bbox 131 1706 1276 1788; baseline -0.001 -17"><span class='ocrx_word' id='word_1_103' title='bbox 131 1727 193 1771; x_wconf 89' lang='lat' dir='ltr'>usu</span> <span class='ocrx_word' id='word_1_104' title='bbox 217 1709 338 1788; x_wconf 88' lang='lat' dir='ltr'>septem</span> <span class='ocrx_word' id='word_1_105' title='bbox 364 1707 536 1771; x_wconf 90' lang='lat' dir='ltr'>carnalium</span> <span class='ocrx_word' id='word_1_106' title='bbox 559 1728 727 1772; x_wconf 89' lang='lat' dir='ltr'>munerum</span> <span class='ocrx_word' id='word_1_107' title='bbox 746 1708 935 1773; x_wconf 88' lang='lat' dir='ltr'>blandietur.</span> <span class='ocrx_word' id='word_1_108' title='bbox 960 1707 1181 1771; x_wconf 89' lang='lat' dir='ltr'>dissoluuntur</span> <span class='ocrx_word' id='word_1_109' title='bbox 1198 1706 1276 1770; x_wconf 89' lang='lat' dir='ltr'>haec</span> 
     </span>
     <span class='ocr_line' id='line_1_14' title="bbox 131 1814 1276 1897; baseline -0.001 -18"><span class='ocrx_word' id='word_1_110' title='bbox 131 1814 246 1891; x_wconf 89' lang='lat' dir='ltr'>omnia,</span> <span class='ocrx_word' id='word_1_111' title='bbox 271 1814 332 1878; x_wconf 92' lang='lat' dir='ltr'>nisi</span> <span class='ocrx_word' id='word_1_112' title='bbox 365 1815 497 1879; x_wconf 90' lang='lat' dir='ltr'>habenis</span> <span class='ocrx_word' id='word_1_113' title='bbox 532 1815 722 1897; x_wconf 90' lang='lat' dir='ltr'>quibusdam</span> <span class='ocrx_word' id='word_1_114' title='bbox 756 1816 885 1880; x_wconf 91' lang='lat' dir='ltr'>rationis</span> <span class='ocrx_word' id='word_1_115' title='bbox 914 1815 1067 1880; x_wconf 88' lang='lat' dir='ltr'>adstricta</span> <span class='ocrx_word' id='word_1_116' title='bbox 1090 1814 1165 1879; x_wconf 90' lang='lat' dir='ltr'>sint.</span> <span class='ocrx_word' id='word_1_117' title='bbox 1190 1834 1276 1878; x_wconf 90' lang='lat' dir='ltr'>mors</span> 
     </span>
     <span class='ocr_line' id='line_1_15' title="bbox 130 1920 1276 2006; baseline 0.003 -23"><span class='ocrx_word' id='word_1_118' title='bbox 130 1921 238 2003; x_wconf 88' lang='lat' dir='ltr'>itaque</span> <span class='ocrx_word' id='word_1_119' title='bbox 271 1922 403 1987; x_wconf 89' lang='lat' dir='ltr'>rationis</span> <span class='ocrx_word' id='word_1_120' title='bbox 435 1928 570 1987; x_wconf 88' lang='lat' dir='ltr'>mortem</span> <span class='ocrx_word' id='word_1_121' title='bbox 604 1929 751 2006; x_wconf 88' lang='lat' dir='ltr'>operatur</span> <span class='ocrx_word' id='word_1_122' title='bbox 782 1922 1053 1988; x_wconf 85' lang='lat' dir='ltr'>inrationabilium</span> <span class='ocrx_word' id='word_1_123' title='bbox 1079 1920 1276 2004; x_wconf 88' lang='lat' dir='ltr'>passionum.</span> 
     </span>
     <span class='ocr_line' id='line_1_16' title="bbox 132 2028 1322 2113; baseline 0 -22"><span class='ocrx_word' id='word_1_124' title='bbox 132 2029 188 2091; x_wconf 88' lang='lat' dir='ltr'>sed</span> <span class='ocrx_word' id='word_1_125' title='bbox 221 2029 301 2095; x_wconf 91' lang='lat' dir='ltr'>illud</span> <span class='ocrx_word' id='word_1_126' title='bbox 334 2030 449 2094; x_wconf 88' lang='lat' dir='ltr'>melius</span> <span class='ocrx_word' id='word_1_127' title='bbox 483 2031 567 2113; x_wconf 87' lang='lat' dir='ltr'>quod</span> <span class='ocrx_word' id='word_1_128' title='bbox 600 2032 757 2113; x_wconf 88' lang='lat' dir='ltr'>septimus</span> <span class='ocrx_word' id='word_1_129' title='bbox 791 2049 941 2094; x_wconf 90' lang='lat' dir='ltr'>numerus</span> <span class='ocrx_word' id='word_1_130' title='bbox 971 2029 1087 2112; x_wconf 92' lang='lat' dir='ltr'>quietis</span> <span class='ocrx_word' id='word_1_131' title='bbox 1111 2028 1322 2093; x_wconf 80' lang='lat' dir='ltr'>etremis·1s</span> 
     </span>
     <span class='ocr_line' id='line_1_17' title="bbox 132 2134 1278 2220; baseline 0.001 -23"><span class='ocrx_word' id='word_1_132' title='bbox 132 2134 230 2200; x_wconf 92' lang='lat' dir='ltr'>sionis</span> <span class='ocrx_word' id='word_1_133' title='bbox 254 2141 313 2200; x_wconf 90' lang='lat' dir='ltr'>est.</span> <span class='ocrx_word' id='word_1_134' title='bbox 339 2155 412 2220; x_wconf 82' lang='lat' dir='ltr'>ergo</span> <span class='ocrx_word' id='word_1_135' title='bbox 438 2137 493 2219; x_wconf 91' lang='lat' dir='ltr'>qui</span> <span class='ocrx_word' id='word_1_136' title='bbox 517 2137 571 2200; x_wconf 88' lang='lat' dir='ltr'>alii</span> <span class='ocrx_word' id='word_1_137' title='bbox 595 2156 655 2201; x_wconf 92' lang='lat' dir='ltr'>non</span> <span class='ocrx_word' id='word_1_138' title='bbox 680 2136 857 2219; x_wconf 85' lang='lat' dir='ltr'>pepercerit</span> <span class='ocrx_word' id='word_1_139' title='bbox 879 2135 1036 2219; x_wconf 86' lang='lat' dir='ltr'>peccatori</span> <span class='ocrx_word' id='word_1_140' title='bbox 1060 2138 1092 2199; x_wconf 92' lang='lat' dir='ltr'>et</span> <span class='ocrx_word' id='word_1_141' title='bbox 1109 2153 1227 2201; x_wconf 88' lang='lat' dir='ltr'>munus</span> <span class='ocrx_word' id='word_1_142' title='bbox 1248 2136 1278 2198; x_wconf 92' lang='lat' dir='ltr'>ei</span> 
     </span>
     <span class='ocr_line' id='line_1_18' title="bbox 131 2241 1276 2326; baseline 0.001 -22"><span class='ocrx_word' id='word_1_143' title='bbox 131 2242 327 2306; x_wconf 87' lang='lat' dir='ltr'>remissionis</span> <span class='ocrx_word' id='word_1_144' title='bbox 361 2247 562 2326; x_wconf 87' lang='lat' dir='ltr'>peccatorum</span> <span class='ocrx_word' id='word_1_145' title='bbox 595 2243 747 2308; x_wconf 88' lang='lat' dir='ltr'>inuiderit</span> <span class='ocrx_word' id='word_1_146' title='bbox 778 2243 848 2325; x_wconf 90' lang='lat' dir='ltr'>ipse</span> <span class='ocrx_word' id='word_1_147' title='bbox 877 2243 937 2306; x_wconf 88' lang='lat' dir='ltr'>sibi</span> <span class='ocrx_word' id='word_1_148' title='bbox 966 2261 1055 2324; x_wconf 90' lang='lat' dir='ltr'>spem</span> <span class='ocrx_word' id='word_1_149' title='bbox 1078 2241 1276 2307; x_wconf 91' lang='lat' dir='ltr'>remissionis</span> 
     </span>
    </p>

    <p class='ocr_par' dir='ltr' id='par_1_5' title="bbox 78 2343 1394 3716">
     <span class='ocr_line' id='line_1_19' title="bbox 78 2343 1276 2434; baseline 0.006 -29"><span class='ocrx_word' id='word_1_150' title='bbox 78 2343 120 2405; x_wconf 77' lang='lat'>35</span> <span class='ocrx_word' id='word_1_151' title='bbox 132 2349 253 2432; x_wconf 85' lang='lat' dir='ltr'>eripiet,</span> <span class='ocrx_word' id='word_1_152' title='bbox 279 2353 311 2413; x_wconf 91' lang='lat' dir='ltr'>et</span> <span class='ocrx_word' id='word_1_153' title='bbox 335 2351 395 2414; x_wconf 90' lang='lat' dir='ltr'>erit</span> <span class='ocrx_word' id='word_1_154' title='bbox 416 2351 448 2414; x_wconf 93' lang='lat' dir='ltr'>in</span> <span class='ocrx_word' id='word_1_155' title='bbox 473 2370 508 2415; x_wconf 92' lang='lat' dir='ltr'>eo</span> <span class='ocrx_word' id='word_1_156' title='bbox 533 2351 601 2434; x_wconf 88' lang='lat' dir='ltr'>pari</span> <span class='ocrx_word' id='word_1_157' title='bbox 632 2370 780 2415; x_wconf 89' lang='lat' dir='ltr'>mensura</span> <span class='ocrx_word' id='word_1_158' title='bbox 812 2349 953 2414; x_wconf 88' lang='lat' dir='ltr'>uindicta</span> <span class='ocrx_word' id='word_1_159' title='bbox 976 2350 1014 2414; x_wconf 95' lang='lat' dir='ltr'>de</span> <span class='ocrx_word' id='word_1_160' title='bbox 1047 2350 1157 2434; x_wconf 85' lang='lat' dir='ltr'>gratia.</span> <span class='ocrx_word' id='word_1_161' title='bbox 1190 2349 1276 2431; x_wconf 91' lang='lat' dir='ltr'>quod</span> 
     </span>
     <span class='ocr_line' id='line_1_20' title="bbox 131 2454 1276 2541; baseline 0 -23"><span class='ocrx_word' id='word_1_162' title='bbox 131 2461 238 2519; x_wconf 90' lang='lat' dir='ltr'>autem</span> <span class='ocrx_word' id='word_1_163' title='bbox 272 2457 398 2541; x_wconf 84' lang='lat' dir='ltr'>signum</span> <span class='ocrx_word' id='word_1_164' title='bbox 432 2457 541 2540; x_wconf 91' lang='lat' dir='ltr'>posuit</span> <span class='ocrx_word' id='word_1_165' title='bbox 573 2476 667 2540; x_wconf 89' lang='lat' dir='ltr'>super</span> <span class='ocrx_word' id='word_1_166' title='bbox 701 2458 787 2522; x_wconf 86' lang='lat' dir='ltr'>Cain.</span> <span class='ocrx_word' id='word_1_167' title='bbox 821 2476 859 2520; x_wconf 91' lang='lat' dir='ltr'>ne</span> <span class='ocrx_word' id='word_1_168' title='bbox 893 2456 963 2538; x_wconf 91' lang='lat' dir='ltr'>quis</span> <span class='ocrx_word' id='word_1_169' title='bbox 997 2475 1070 2519; x_wconf 90' lang='lat' dir='ltr'>eum</span> <span class='ocrx_word' id='word_1_170' title='bbox 1107 2454 1276 2530; x_wconf 87' lang='lat' dir='ltr'>occideret,</span> 
     </span>
     <span class='ocr_line' id='line_1_21' title="bbox 130 2560 1394 2628; baseline 0.001 -3"><span class='ocrx_word' id='word_1_171' title='bbox 130 2563 290 2627; x_wconf 88' lang='lat' dir='ltr'>reflectere</span> <span class='ocrx_word' id='word_1_172' title='bbox 322 2563 427 2627; x_wconf 93' lang='lat' dir='ltr'>uoluit</span> <span class='ocrx_word' id='word_1_173' title='bbox 459 2567 612 2627; x_wconf 87' lang='lat' dir='ltr'>errantem</span> <span class='ocrx_word' id='word_1_174' title='bbox 646 2569 677 2626; x_wconf 90' lang='lat' dir='ltr'>et</span> <span class='ocrx_word' id='word_1_175' title='bbox 709 2562 860 2626; x_wconf 88' lang='lat' dir='ltr'>beneficio</span> <span class='ocrx_word' id='word_1_176' title='bbox 894 2581 951 2626; x_wconf 89' lang='lat' dir='ltr'>suo</span> <span class='ocrx_word' id='word_1_177' title='bbox 984 2562 1120 2625; x_wconf 91' lang='lat' dir='ltr'>inuitare</span> <span class='ocrx_word' id='word_1_178' title='bbox 1144 2560 1184 2625; x_wconf 86' lang='lat' dir='ltr'>ad</span> <span class='ocrx_word' id='word_1_179' title='bbox 1208 2575 1394 2628; x_wconf 68' lang='lat' dir='ltr'>cor-ecastr</span> 
     </span>
     <span class='ocr_line' id='line_1_22' title="bbox 130 2668 1274 2753; baseline 0 -22"><span class='ocrx_word' id='word_1_180' title='bbox 130 2670 314 2747; x_wconf 81' lang='lat' dir='ltr'>rectionem3</span> <span class='ocrx_word' id='word_1_181' title='bbox 334 2669 414 2753; x_wconf 90' lang='lat' dir='ltr'>ipsis</span> <span class='ocrx_word' id='word_1_182' title='bbox 434 2670 517 2734; x_wconf 88' lang='lat' dir='ltr'>enim</span> <span class='ocrx_word' id='word_1_183' title='bbox 536 2689 594 2735; x_wconf 86' lang='lat' dir='ltr'>nos</span> <span class='ocrx_word' id='word_1_184' title='bbox 610 2670 735 2734; x_wconf 80' lang='lat' dir='ltr'>lacilius</span> <span class='ocrx_word' id='word_1_185' title='bbox 755 2669 953 2733; x_wconf 87' lang='lat' dir='ltr'>committere</span> <span class='ocrx_word' id='word_1_186' title='bbox 973 2668 1123 2744; x_wconf 78' lang='lat' dir='ltr'>solemus</span> <span class='ocrx_word' id='word_1_187' title='bbox 1139 2687 1274 2750; x_wconf 88' lang='lat' dir='ltr'>quorum</span> 
     </span>
     <span class='ocr_line' id='line_1_23' title="bbox 130 2775 1275 2861; baseline 0 -21"><span class='ocrx_word' id='word_1_188' title='bbox 130 2777 284 2842; x_wconf 87' lang='lat' dir='ltr'>habemus</span> <span class='ocrx_word' id='word_1_189' title='bbox 308 2777 453 2860; x_wconf 84' lang='lat' dir='ltr'>gratiam.</span> <span class='ocrx_word' id='word_1_190' title='bbox 478 2796 536 2842; x_wconf 92' lang='lat' dir='ltr'>nec</span> <span class='ocrx_word' id='word_1_191' title='bbox 560 2781 664 2841; x_wconf 89' lang='lat' dir='ltr'>tamen</span> <span class='ocrx_word' id='word_1_192' title='bbox 689 2797 802 2861; x_wconf 81' lang='lat' dir='ltr'>magna</span> <span class='ocrx_word' id='word_1_193' title='bbox 826 2777 982 2853; x_wconf 89' lang='lat' dir='ltr'>concedit,</span> <span class='ocrx_word' id='word_1_194' title='bbox 1007 2776 1060 2840; x_wconf 91' lang='lat' dir='ltr'>sed</span> <span class='ocrx_word' id='word_1_195' title='bbox 1086 2775 1118 2839; x_wconf 90' lang='lat' dir='ltr'>iu</span> <span class='ocrx_word' id='word_1_196' title='bbox 1143 2794 1179 2839; x_wconf 90' lang='lat' dir='ltr'>eo</span> <span class='ocrx_word' id='word_1_197' title='bbox 1202 2775 1275 2856; x_wconf 89' lang='lat' dir='ltr'>ipso</span> 
     </span>
     <span class='ocr_line' id='line_1_24' title="bbox 129 2881 1276 2967; baseline -0.001 -21"><span class='ocrx_word' id='word_1_198' title='bbox 129 2883 363 2966; x_wconf 86' lang='lat' dir='ltr'>inprudentiam</span> <span class='ocrx_word' id='word_1_199' title='bbox 398 2884 578 2966; x_wconf 90' lang='lat' dir='ltr'>insipientis</span> <span class='ocrx_word' id='word_1_200' title='bbox 612 2884 788 2948; x_wconf 88' lang='lat' dir='ltr'>ulciscitur.</span> <span class='ocrx_word' id='word_1_201' title='bbox 822 2884 876 2967; x_wconf 91' lang='lat' dir='ltr'>qui</span> <span class='ocrx_word' id='word_1_202' title='bbox 905 2904 977 2947; x_wconf 91' lang='lat' dir='ltr'>com</span> <span class='ocrx_word' id='word_1_203' title='bbox 1002 2886 1087 2947; x_wconf 89' lang='lat' dir='ltr'>esset</span> <span class='ocrx_word' id='word_1_204' title='bbox 1109 2881 1276 2963; x_wconf 89' lang='lat' dir='ltr'>perpetuis</span> 
     </span>
     <span class='ocr_line' id='line_1_25' title="bbox 131 2987 1309 3073; baseline -0.002 -20"><span class='ocrx_word' id='word_1_205' title='bbox 131 2990 296 3072; x_wconf 89' lang='lat' dir='ltr'>suppliciis</span> <span class='ocrx_word' id='word_1_206' title='bbox 330 2991 495 3070; x_wconf 79' lang='lat' dir='ltr'>obnoxius,</span> <span class='ocrx_word' id='word_1_207' title='bbox 528 3011 588 3056; x_wconf 95' lang='lat' dir='ltr'>non</span> <span class='ocrx_word' id='word_1_208' title='bbox 619 2992 740 3055; x_wconf 88' lang='lat' dir='ltr'>remitti</span> <span class='ocrx_word' id='word_1_209' title='bbox 774 2992 834 3056; x_wconf 93' lang='lat' dir='ltr'>sibi</span> <span class='ocrx_word' id='word_1_210' title='bbox 866 3010 998 3072; x_wconf 87' lang='lat' dir='ltr'>poenam</span> <span class='ocrx_word' id='word_1_211' title='bbox 1032 2988 1188 3073; x_wconf 81' lang='lat' dir='ltr'>poposcit,</span> <span class='ocrx_word' id='word_1_212' title='bbox 1219 2987 1276 3052; x_wconf 91' lang='lat' dir='ltr'>sed</span> <span class='ocrx_word' id='word_1_213' title='bbox 1303 3029 1309 3038; x_wconf 84' lang='lat'><strong>·</strong></span> 
     </span>
     <span class='ocr_line' id='line_1_26' title="bbox 129 3095 1322 3181; baseline 0.001 -23"><span class='ocrx_word' id='word_1_214' title='bbox 129 3097 230 3161; x_wconf 89' lang='lat' dir='ltr'>uitam</span> <span class='ocrx_word' id='word_1_215' title='bbox 269 3098 405 3181; x_wconf 88' lang='lat' dir='ltr'>corporis</span> <span class='ocrx_word' id='word_1_216' title='bbox 443 3099 538 3164; x_wconf 87' lang='lat' dir='ltr'>huius</span> <span class='ocrx_word' id='word_1_217' title='bbox 581 3099 807 3164; x_wconf 86' lang='lat' dir='ltr'>obsecrandam</span> <span class='ocrx_word' id='word_1_218' title='bbox 845 3099 983 3181; x_wconf 79' lang='lat' dir='ltr'>putauit,</span> <span class='ocrx_word' id='word_1_219' title='bbox 1022 3097 1054 3160; x_wconf 92' lang='lat' dir='ltr'>iu</span> <span class='ocrx_word' id='word_1_220' title='bbox 1096 3116 1159 3179; x_wconf 85' lang='lat' dir='ltr'>qua</span> <span class='ocrx_word' id='word_1_221' title='bbox 1199 3095 1275 3178; x_wconf 91' lang='lat' dir='ltr'>plus</span> <span class='ocrx_word' id='word_1_222' title='bbox 1294 3119 1322 3158; x_wconf 77' lang='lat' dir='ltr'>as</span> 
     </span>
     <span class='ocr_line' id='line_1_27' title="bbox 130 3203 1274 3289; baseline 0 -23"><span class='ocrx_word' id='word_1_223' title='bbox 130 3223 295 3268; x_wconf 86' lang='lat' dir='ltr'>aerumnae</span> <span class='ocrx_word' id='word_1_224' title='bbox 328 3210 378 3269; x_wconf 88' lang='lat' dir='ltr'>est</span> <span class='ocrx_word' id='word_1_225' title='bbox 411 3227 504 3289; x_wconf 87' lang='lat' dir='ltr'>quam</span> <span class='ocrx_word' id='word_1_226' title='bbox 530 3208 714 3288; x_wconf 79' lang='lat' dir='ltr'>uoluptatis</span> <span class='ocrx_word' id='word_1_227' title='bbox 740 3226 823 3270; x_wconf 90' lang='lat' dir='ltr'>mors</span> <span class='ocrx_word' id='word_1_228' title='bbox 848 3205 931 3269; x_wconf 89' lang='lat' dir='ltr'>euim</span> <span class='ocrx_word' id='word_1_229' title='bbox 955 3224 1018 3269; x_wconf 88' lang='lat' dir='ltr'>nna</span> <span class='ocrx_word' id='word_1_230' title='bbox 1040 3207 1090 3270; x_wconf 89' lang='lat' dir='ltr'>est</span> <span class='ocrx_word' id='word_1_231' title='bbox 1113 3203 1144 3266; x_wconf 94' lang='lat' dir='ltr'>in</span> <span class='ocrx_word' id='word_1_232' title='bbox 1169 3221 1274 3267; x_wconf 86' lang='lat' dir='ltr'>seces-</span> 
     </span>
     <span class='ocr_line' id='line_1_28' title="bbox 130 3309 1274 3395; baseline -0.003 -21"><span class='ocrx_word' id='word_1_233' title='bbox 130 3312 218 3375; x_wconf 90' lang='lat' dir='ltr'>sione</span> <span class='ocrx_word' id='word_1_234' title='bbox 252 3313 373 3377; x_wconf 90' lang='lat' dir='ltr'>animae</span> <span class='ocrx_word' id='word_1_235' title='bbox 406 3318 437 3377; x_wconf 91' lang='lat' dir='ltr'>et</span> <span class='ocrx_word' id='word_1_236' title='bbox 470 3314 610 3395; x_wconf 90' lang='lat' dir='ltr'>corporis</span> <span class='ocrx_word' id='word_1_237' title='bbox 635 3318 667 3378; x_wconf 92' lang='lat' dir='ltr'>et</span> <span class='ocrx_word' id='word_1_238' title='bbox 690 3314 720 3377; x_wconf 91' lang='lat' dir='ltr'>in</span> <span class='ocrx_word' id='word_1_239' title='bbox 745 3313 806 3377; x_wconf 90' lang='lat' dir='ltr'>fine</span> <span class='ocrx_word' id='word_1_240' title='bbox 831 3313 925 3377; x_wconf 90' lang='lat' dir='ltr'>istius</span> <span class='ocrx_word' id='word_1_241' title='bbox 949 3313 1046 3389; x_wconf 87' lang='lat' dir='ltr'>uitae,</span> <span class='ocrx_word' id='word_1_242' title='bbox 1071 3329 1150 3394; x_wconf 87' lang='lat' dir='ltr'>quae</span> <span class='ocrx_word' id='word_1_243' title='bbox 1175 3309 1274 3374; x_wconf 92' lang='lat' dir='ltr'>simul</span> 
     </span>
     <span class='ocr_line' id='line_1_29' title="bbox 129 3417 1364 3502; baseline 0.005 -23"><span class='ocrx_word' id='word_1_244' title='bbox 129 3422 166 3480; x_wconf 90' lang='lat' dir='ltr'>ut</span> <span class='ocrx_word' id='word_1_245' title='bbox 185 3419 281 3494; x_wconf 89' lang='lat' dir='ltr'>uenit,</span> <span class='ocrx_word' id='word_1_246' title='bbox 302 3437 411 3483; x_wconf 90' lang='lat' dir='ltr'>omnes</span> <span class='ocrx_word' id='word_1_247' title='bbox 431 3419 569 3500; x_wconf 86' lang='lat' dir='ltr'>corporis</span> <span class='ocrx_word' id='word_1_248' title='bbox 589 3418 713 3482; x_wconf 90' lang='lat' dir='ltr'>dolores</span> <span class='ocrx_word' id='word_1_249' title='bbox 729 3420 860 3495; x_wconf 84' lang='lat' dir='ltr'>auterre,</span> <span class='ocrx_word' id='word_1_250' title='bbox 880 3439 941 3483; x_wconf 92' lang='lat' dir='ltr'>non</span> <span class='ocrx_word' id='word_1_251' title='bbox 959 3437 1074 3502; x_wconf 85' lang='lat' dir='ltr'>augere</span> <span class='ocrx_word' id='word_1_252' title='bbox 1093 3417 1273 3481; x_wconf 85' lang='lat' dir='ltr'>consueuit.</span> <span class='ocrx_word' id='word_1_253' title='bbox 1341 3431 1364 3485; x_wconf 87' lang='lat' dir='ltr'>B</span> 
     </span>
     <span class='ocr_line' id='line_1_30' title="bbox 129 3524 1273 3609; baseline -0.003 -20"><span class='ocrx_word' id='word_1_254' title='bbox 129 3527 233 3589; x_wconf 78' lang='lat' dir='ltr'>metus</span> <span class='ocrx_word' id='word_1_255' title='bbox 258 3544 344 3602; x_wconf 90' lang='lat' dir='ltr'>uero,</span> <span class='ocrx_word' id='word_1_256' title='bbox 369 3526 423 3608; x_wconf 86' lang='lat' dir='ltr'>qui</span> <span class='ocrx_word' id='word_1_257' title='bbox 448 3525 527 3589; x_wconf 89' lang='lat' dir='ltr'>hanc</span> <span class='ocrx_word' id='word_1_258' title='bbox 552 3526 652 3589; x_wconf 88' lang='lat' dir='ltr'>uitam</span> <span class='ocrx_word' id='word_1_259' title='bbox 684 3525 870 3591; x_wconf 91' lang='lat' dir='ltr'>uiuentibus</span> <span class='ocrx_word' id='word_1_260' title='bbox 903 3528 1081 3609; x_wconf 87' lang='lat' dir='ltr'>frequenter</span> <span class='ocrx_word' id='word_1_261' title='bbox 1107 3524 1273 3608; x_wconf 86' lang='lat' dir='ltr'>ingruont,</span> 
     </span>
     <span class='ocr_line' id='line_1_31' title="bbox 129 3631 1323 3716; baseline 0.004 -21"><span class='ocrx_word' id='word_1_262' title='bbox 129 3633 317 3710; x_wconf 91' lang='lat' dir='ltr'>maestitiae,</span> <span class='ocrx_word' id='word_1_263' title='bbox 342 3632 476 3705; x_wconf 84' lang='lat' dir='ltr'>dolores,</span> <span class='ocrx_word' id='word_1_264' title='bbox 502 3633 640 3715; x_wconf 83' lang='lat' dir='ltr'>gemitus</span> <span class='ocrx_word' id='word_1_265' title='bbox 673 3632 854 3716; x_wconf 87' lang='lat' dir='ltr'>diuersique</span> <span class='ocrx_word' id='word_1_266' title='bbox 883 3633 1053 3712; x_wconf 85' lang='lat' dir='ltr'>cruciatus,</span> <span class='ocrx_word' id='word_1_267' title='bbox 1076 3631 1273 3715; x_wconf 88' lang='lat' dir='ltr'>grauitatum</span> <span class='ocrx_word' id='word_1_268' title='bbox 1295 3660 1323 3700; x_wconf 83' lang='lat' dir='ltr'>sc</span> 
     </span>
    </p>
   </div>
   <div class='ocr_carea' id='block_1_3' title="bbox 128 3858 1271 4014">
    <p class='ocr_par' dir='ltr' id='par_1_6' title="bbox 128 3858 1271 4014">
     <span class='ocr_line' id='line_1_32' title="bbox 219 3858 1271 3928; baseline 0.004 -16"><span class='ocrx_word' id='word_1_269' title='bbox 219 3860 234 3912; x_wconf 87' lang='lat'>6</span> <span class='ocrx_word' id='word_1_270' title='bbox 254 3859 332 3912; x_wconf 89' lang='lat' dir='ltr'>Philo</span> <span class='ocrx_word' id='word_1_271' title='bbox 353 3858 429 3924; x_wconf 88' lang='lat' dir='ltr'>Quod</span> <span class='ocrx_word' id='word_1_272' title='bbox 450 3858 503 3912; x_wconf 88' lang='lat' dir='ltr'>det.</span> <span class='ocrx_word' id='word_1_273' title='bbox 524 3862 581 3928; x_wconf 86' lang='lat' dir='ltr'>pot.</span> <span class='ocrx_word' id='word_1_274' title='bbox 600 3860 650 3913; x_wconf 87' lang='lat' dir='ltr'>ins.</span> <span class='ocrx_word' id='word_1_275' title='bbox 670 3862 704 3914; x_wconf 84' lang='grc'>46</span> <span class='ocrx_word' id='word_1_276' title='bbox 724 3860 796 3923; x_wconf 85' lang='grc'>(223,</span> <span class='ocrx_word' id='word_1_277' title='bbox 818 3862 863 3925; x_wconf 83' lang='grc'>18;</span> <span class='ocrx_word' id='word_1_278' title='bbox 884 3861 897 3913; x_wconf 93' lang='grc' dir='ltr'>Ι</span> <span class='ocrx_word' id='word_1_279' title='bbox 917 3863 977 3924; x_wconf 87' lang='grc'>296,</span> <span class='ocrx_word' id='word_1_280' title='bbox 997 3863 1012 3916; x_wconf 84' lang='grc'><strong>6</strong></span> <span class='ocrx_word' id='word_1_281' title='bbox 1035 3861 1075 3928; x_wconf 75' lang='lat' dir='ltr'>O.)</span> <span class='ocrx_word' id='word_1_282' title='bbox 1149 3865 1182 3916; x_wconf 88' lang='lat'>15</span> <span class='ocrx_word' id='word_1_283' title='bbox 1202 3861 1271 3917; x_wconf 87' lang='lat' dir='ltr'>Gen.</span> 
     </span>
     <span class='ocr_line' id='line_1_33' title="bbox 128 3948 776 4014; baseline 0.005 -14"><span class='ocrx_word' id='word_1_284' title='bbox 128 3948 153 4013; x_wconf 79' lang='lat'>2,</span> <span class='ocrx_word' id='word_1_285' title='bbox 173 3948 189 3999; x_wconf 92' lang='grc'>2</span> <span class='ocrx_word' id='word_1_286' title='bbox 246 3949 278 4000; x_wconf 87' lang='grc'>19</span> <span class='ocrx_word' id='word_1_287' title='bbox 297 3948 363 4002; x_wconf 85' lang='lat' dir='ltr'>Gerr.</span> <span class='ocrx_word' id='word_1_288' title='bbox 383 3949 408 4012; x_wconf 84' lang='lat'>4,</span> <span class='ocrx_word' id='word_1_289' title='bbox 430 3949 462 4002; x_wconf 79' lang='lat' dir='ltr'>ta</span> <span class='ocrx_word' id='word_1_290' title='bbox 480 3948 560 4001; x_wconf 89' lang='lat' dir='ltr'>Philo</span> <span class='ocrx_word' id='word_1_291' title='bbox 581 3949 690 4014; x_wconf 85' lang='lat' dir='ltr'>Quaest.</span> <span class='ocrx_word' id='word_1_292' title='bbox 711 3949 724 4002; x_wconf 94' lang='lat' dir='ltr'>I</span> <span class='ocrx_word' id='word_1_293' title='bbox 743 3951 776 4004; x_wconf 78' lang='lat'>76</span> 
     </span>
    </p>
   </div>
   <div class='ocr_carea' id='block_1_4' title="bbox 129 4072 1276 4318">
    <p class='ocr_par' dir='ltr' id='par_1_7' title="bbox 129 4072 1276 4318">
     <span class='ocr_line' id='line_1_34' title="bbox 165 4072 1276 4145; baseline 0.008 -20"><span class='ocrx_word' id='word_1_294' title='bbox 165 4072 179 4125; x_wconf 81' lang='lat'><strong>7</strong></span> <span class='ocrx_word' id='word_1_295' title='bbox 199 4076 363 4139; x_wconf 67' lang='lat' dir='ltr'>praestetit</span> <span class='ocrx_word' id='word_1_296' title='bbox 382 4074 431 4126; x_wconf 82' lang='lat' dir='ltr'>ult.</span> <span class='ocrx_word' id='word_1_297' title='bbox 449 4091 470 4127; x_wconf 82' lang='lat' dir='ltr'>a.</span> <span class='ocrx_word' id='word_1_298' title='bbox 489 4084 529 4130; x_wconf 79' lang='lat' dir='ltr'>acl</span> <span class='ocrx_word' id='word_1_299' title='bbox 550 4077 591 4142; x_wconf 81' lang='lat' dir='ltr'>M,</span> <span class='ocrx_word' id='word_1_300' title='bbox 604 4075 681 4142; x_wconf 82' lang='lat' dir='ltr'>fort·</span> <span class='ocrx_word' id='word_1_301' title='bbox 693 4082 762 4129; x_wconf 82' lang='lat' dir='ltr'>recte</span> <span class='ocrx_word' id='word_1_302' title='bbox 803 4080 818 4130; x_wconf 81' lang='lat' dir='ltr'>b</span> <span class='ocrx_word' id='word_1_303' title='bbox 837 4077 986 4131; x_wconf 87' lang='lat' dir='ltr'>subiectam</span> <span class='ocrx_word' id='word_1_304' title='bbox 1001 4078 1034 4131; x_wconf 87' lang='grc' dir='ltr'><em>Μ</em></span> <span class='ocrx_word' id='word_1_305' title='bbox 1053 4083 1078 4131; x_wconf 84' lang='lat' dir='ltr'>et</span> <span class='ocrx_word' id='word_1_306' title='bbox 1097 4082 1133 4142; x_wconf 80' lang='lat' dir='ltr'>(in</span> <span class='ocrx_word' id='word_1_307' title='bbox 1152 4080 1276 4145; x_wconf 78' lang='lat' dir='ltr'>eras.)S</span> 
     </span>
     <span class='ocr_line' id='line_1_35' title="bbox 130 4159 1273 4236; baseline 0.01 -24"><span class='ocrx_word' id='word_1_308' title='bbox 130 4159 162 4213; x_wconf 89' lang='lat'>10</span> <span class='ocrx_word' id='word_1_309' title='bbox 181 4163 275 4213; x_wconf 88' lang='lat' dir='ltr'>mortis</span> <span class='ocrx_word' id='word_1_310' title='bbox 295 4161 317 4214; x_wconf 83' lang='lat' dir='ltr'><strong><em>S</em></strong></span> <span class='ocrx_word' id='word_1_311' title='bbox 367 4164 400 4215; x_wconf 87' lang='lat'>16</span> <span class='ocrx_word' id='word_1_312' title='bbox 417 4165 569 4233; x_wconf 88' lang='lat' dir='ltr'>pepercerit</span> <span class='ocrx_word' id='word_1_313' title='bbox 588 4165 666 4220; x_wconf 80' lang='lat' dir='ltr'>Mea,</span> <span class='ocrx_word' id='word_1_314' title='bbox 687 4168 784 4218; x_wconf 72' lang='grc'><strong>14399</strong></span> <span class='ocrx_word' id='word_1_315' title='bbox 801 4167 922 4236; x_wconf 87' lang='lat' dir='ltr'>pepercit</span> <span class='ocrx_word' id='word_1_316' title='bbox 941 4173 988 4223; x_wconf 84' lang='lat' dir='ltr'>eet.</span> <span class='ocrx_word' id='word_1_317' title='bbox 1057 4167 1090 4220; x_wconf 77' lang='grc'>22</span> <span class='ocrx_word' id='word_1_318' title='bbox 1110 4182 1160 4220; x_wconf 87' lang='lat' dir='ltr'>nec</span> <span class='ocrx_word' id='word_1_319' title='bbox 1177 4169 1273 4223; x_wconf 85' lang='lat' dir='ltr'>tamen</span> 
     </span>
     <span class='ocr_line' id='line_1_36' title="bbox 129 4248 507 4318; baseline 0.008 -15"><span class='ocrx_word' id='word_1_320' title='bbox 129 4289 151 4303; x_wconf 84' lang='grc'>..</span> <span class='ocrx_word' id='word_1_321' title='bbox 165 4248 381 4318; x_wconf 78' lang='lat' dir='ltr'>,inprudentiam</span> <span class='ocrx_word' id='word_1_322' title='bbox 400 4269 451 4306; x_wconf 79' lang='lat' dir='ltr'>one.</span> <span class='ocrx_word' id='word_1_323' title='bbox 470 4253 507 4306; x_wconf 82' lang='lat' dir='ltr'><em>M</em></span> 
     </span>
    </p>
   </div>
   <div class='ocr_carea' id='block_1_5' title="bbox 0 0 1422 4822">
    <p class='ocr_par' dir='ltr' id='par_1_8' title="bbox 0 0 1422 4822">
     <span class='ocr_line' id='line_1_37' title="bbox 0 0 1422 4822; baseline 0 0"><span class='ocrx_word' id='word_1_324' title='bbox 0 0 1422 4822; x_wconf 95' lang='lat' dir='ltr'> </span> 
     </span>
    </p>
   </div>
  </div>
 </body>
</html>
