2836 4822
159 317 224 380 386
589 353 594 364 .
629 310 826 363 Ambrosii

159 508 254 571 ditur.
288 508 333 570 ita
360 507 431 570 linis
461 507 569 570 nullus
599 506 652 570 ubi
682 507 753 570 finis
781 510 922 589 putatur.
951 506 1034 570 unde
1062 507 1147 570 uotis
1172 510 1204 570 at
1227 527 1308 590 pura

159 614 351 678 conscicntia
384 618 416 677 et
448 614 562 696 spiritu
600 613 739 678 caritatis
777 614 1004 677 adhaereamus
1042 612 1099 677 deo
1132 617 1240 678 nostro
1276 619 1309 678 et

159 720 303 784 diuinum
332 720 422 784 nobis
447 720 653 786 conciliemus
677 720 818 785 fauorem
841 723 1005 803 precantes
1029 723 1065 783 ut
1088 719 1307 784 saecularibus

159 826 244 891 curis
272 831 433 908 tamquam
462 826 499 891 ab
529 827 693 892 inmitibus
723 831 755 891 et
783 827 962 912 agrestibus
986 827 1120 891 dominis
1143 826 1307 908 possimus

159 934 283 998 absolui
312 937 406 1014 atque
435 933 505 997 exui
533 934 756 1016 mundanoque
784 935 865 999 exire
894 933 1035 1010 seruitio,
1063 933 1095 997 in
1125 933 1306 997 libertatem
1337 959 1350 996 5

159 1059 312 1122 supernae
336 1041 537 1126 cognitionis,
562 1061 642 1123 quae
675 1061 749 1105 uera
782 1046 814 1106 et
846 1041 914 1106 sola
946 1044 996 1104 est
1023 1041 1163 1118 libertas,
1188 1040 1305 1105 uocati.

61 1146 95 1228 3,
108 1149 192 1211 lbet
223 1151 260 1212 nt
283 1150 485 1230 praeceptum
518 1147 600 1232 legis
633 1149 775 1230 exemplo
808 1148 1020 1223 adstruamus,
1050 1165 1122 1210 cunr
1151 1147 1305 1229 deprime·
1350 1168 1400 1222 ‘210

158 1258 228 1319 rent
250 1254 398 1338 Aegyptii
421 1254 610 1319 Iudaeorum
634 1254 789 1337 populum
812 1254 843 1318 in
873 1254 1020 1338 operibus
1049 1253 1147 1317 uariis
1176 1256 1209 1316 et
1236 1253 1305 1316 luto

160 1380 195 1425 ac
219 1360 334 1444 lapide,
361 1362 586 1444 ingemuerunt
612 1361 671 1424 filii
694 1361 830 1425 Istrahel
854 1366 886 1425 et
910 1361 1029 1427 domini
1050 1365 1306 1443 prouocauerunt

159 1469 190 1531 in
202 1488 236 1531 se
250 1467 509 1532 misericordiam.
525 1470 558 1532 et
573 1468 651 1532 dixit
666 1468 705 1531 ad
719 1469 865 1551 Moysen:
886 1488 957 1552 ego
978 1466 1169 1532 exaudiui
1188 1466 1306 1551 gemi·
1326 1496 1351 1531 lo

159 1576 241 1638 tum
261 1574 446 1639 liliorum
465 1575 656 1649 Istrahel,
682 1576 878 1657 quomodo
897 1575 1093 1658 Aegyptii
1117 1575 1154 1637 in
1179 1573 1305 1638 serui-

160 1684 289 1745 tutem
318 1681 551 1764 deprimunt
575 1701 656 1759 eos,
682 1685 721 1746 et
743 1702 890 1747 memor
913 1684 1048 1746 iactus
1073 1699 1157 1745 sum
1181 1683 1304 1744 testa·

160 1789 284 1851 menti
304 1788 390 1853 mei.
411 1789 512 1853 uado
537 1792 576 1852 et
595 1789 657 1852 dic
677 1789 785 1853 liliis
805 1789 1001 1853 Istrahel:
1023 1807 1094 1872 ego
1116 1787 1304 1851 dominus

160 1900 199 1957 et
224 1895 388 1960 educam
412 1915 484 1961 uos
509 1897 553 1959 de
577 1895 762 1978 potentia
789 1896 1082 1979 Aegyptiorum
1106 1897 1304 1959 eternam

161 2020 232 2065 uos
258 2001 302 2066 de
327 2002 533 2067 seruitute
559 2021 691 2067 eorum
717 2004 756 2066 et
779 2002 963 2067 liberabo
987 2021 1058 2067 uos
1077 2002 1115 2064 in
1134 2000 1304 2064 brachio
1327 2005 1389 2065 nc

161 2110 760 2193 excelsoetiudiciomagnoet
781 2128 1018 2174 sumamuos
1042 2107 1141 2172 mihi
1165 2107 1203 2171 iu
1227 2107 1307 2189 ple·

160 2215 244 2279 hem
265 2219 303 2279 ct
323 2236 386 2281 ero
407 2222 547 2281 uester
566 2216 673 2295 deus,
695 2221 733 2280 et
753 2217 899 2281 scietis
920 2215 1108 2298 quoniam
1129 2233 1200 2297 ego
1221 2233 1307 2278 sum

161 2322 347 2387 dominus
375 2324 471 2388 deus
496 2328 645 2401 uester,
670 2324 737 2406 qui
762 2323 928 2388 educam
952 2342 1023 2386 uos
1048 2322 1092 2385 de
1116 2320 1308 2403 potentia

160 2429 454 2512 Aegyptiorum
487 2434 525 2494 et
553 2430 742 2494 inducam
771 2450 842 2494 uos
871 2430 909 2493 in
939 2434 1102 2505 terram,
1127 2428 1165 2491 in
1191 2447 1306 2509 quam

162 2536 323 2599 extendi
342 2556 496 2601 manum
519 2557 651 2601 meam.
673 2557 746 2602 ecco
762 2537 918 2618 quomodo
932 2537 1070 2619 populns
1087 2535 1306 2598 Hebraeorum
1328 2561 1357 2602 20

160 2642 266 2705 fructu
291 2643 428 2708 mutauit
450 2642 601 2719 laborem,
626 2647 663 2706 ut
686 2644 740 2726 qui
764 2645 794 2706 iu
814 2646 883 2708 luto
903 2644 1090 2725 operabatur
1109 2660 1198 2722 spem
1215 2640 1308 2724 regni

160 2752 343 2830 operaretur
361 2750 489 2816 aeterni.
509 2750 580 2815 ideo
601 2753 633 2814 et
647 2750 794 2816 dominus
811 2751 841 2815 in
857 2750 1020 2834 euangelio
1036 2750 1160 2812 inanem
1173 2748 1308 2831 populo-

159 2876 229 2919 rum
250 2856 417 2940 gentilium
436 2857 605 2920 miseratus
624 2857 775 2935 laborem,
792 2858 846 2940 qui
859 2857 976 2921 lateres
991 2856 1208 2921 construerent
1220 2854 1309 2917 lutu-

159 2964 263 3027 lentae
292 2963 511 3044 superstitioni
535 2967 566 3026 et
589 2964 749 3045 uoluptati
777 2965 914 3046 corporis
939 2963 1047 3028 dediti.
1071 2960 1207 3026 solidum
1232 2959 1310 3025 fidei
1376 2969 1398 3022 D

160 3090 286 3133 murum
312 3069 475 3134 aedificare
499 3089 559 3134 non
583 3073 724 3151 possent,
748 3071 841 3135 uelut
863 3070 903 3133 ad
922 3070 1075 3152 quosdam
1095 3069 1202 3132 asinae
1219 3067 1309 3132 fetus
1329 3095 1357 3136 es

160 3176 289 3241 locutus
309 3177 368 3240 ait:
394 3177 532 3241 uenite
554 3177 600 3240 ad
619 3196 676 3240 me
697 3196 831 3241 omnes
851 3177 920 3258 qui
939 3175 1151 3251 laboratis,
1175 3177 1214 3239 et
1233 3193 1308 3259 ego

161 3303 233 3347 uos
266 3283 465 3348 reficiam.
503 3284 647 3349 tollite
679 3284 818 3368 iugum
851 3303 975 3347 meum
1010 3302 1131 3365 super
1163 3300 1236 3346 uos
1270 3285 1310 3345 et

161 3389 312 3454 discite
337 3410 355 3453 a
380 3410 436 3453 me
461 3392 554 3472 quia
586 3390 699 3454 mitis
733 3411 818 3455 sum
847 3394 884 3454 et
912 3390 1083 3454 humilis
1112 3387 1243 3465 corde,
1269 3393 1310 3452 et

161 3498 391 3562 inuenietis
428 3499 611 3579 requiem
650 3499 795 3563 animis
834 3498 1000 3562 uestris.
1040 3516 1102 3580 qua
1138 3497 1308 3562 uocatione

252 3741 531 3810 5UergEcl.140
576 3741 694 3796 8Erod.
714 3743 738 3807 2,
759 3744 793 3796 23
840 3743 873 3798 10
893 3742 974 3797 Exod.
995 3744 1020 3806 6,
1040 3743 1110 3796 5-9
1155 3741 1190 3795 26
1204 3741 1308 3797 Matth.

163 3831 205 3887 11.
225 3831 259 3884 28
279 3847 318 3899 sq.

198 3956 214 4006 3
234 3970 249 4006 a
268 3954 451 4007 saecularibus
470 3955 511 4010 ed,
531 3955 624 4009 Paria.
640 3972 666 4008 a.
682 3959 754 4010 1661
792 3957 824 4009 16
844 3973 974 4010 summam
988 3957 1031 4011 Μ’
1050 3962 1075 4010 et
1092 3956 1130 4024 (m
1148 3956 1232 4024 eras)
1247 3957 1313 4011 MP

162 4043 193 4095 21
215 4061 289 4112 spem
309 4043 407 4095 MAA‘
427 4061 473 4112 spe
493 4050 539 4097 cet.
649 4046 683 4099 22
703 4044 764 4098 ideo
785 4050 812 4099 et
830 4045 929 4098 MAA‘
949 4049 976 4099 et
995 4045 1056 4099 ideo
1076 4051 1132 4108 cet,
1151 4046 1217 4112 fort.
1237 4055 1312 4103 recle

196 4132 339 4199 gentilium
359 4132 518 4202 populorum
537 4134 564 4186 P
635 4134 670 4187 23
688 4134 781 4187 lateris
800 4133 834 4186 M
852 4139 876 4187 et
895 4137 974 4203 [corr.
994 4139 1044 4199 ml)
1065 4135 1099 4188 P‘
1172 4137 1310 4191 constitu·

162 4224 238 4271 creut
258 4219 326 4272 BM‘
380 4221 415 4273 29
436 4221 576 4275 animabus
595 4223 745 4276 AA‘BPV
