2836 4822
160 326 226 389 32ss
534 290 539 301 Ι
637 314 834 370 Ambrosii

163 517 375 601 cogitationes
406 533 526 591 eorum,
558 530 630 576 cum
662 511 815 594 legimus:
848 509 943 592 quid
974 506 1175 592 cogitatis
1206 508 1313 570 mala

162 626 198 687 in
230 623 422 688 cordibus
451 621 629 688 uestris?
658 639 731 704 ergo
761 618 836 682 dum
866 618 944 681 haec
973 634 1185 694 recensemus,
1218 615 1314 697 quasi

165 731 420 795 deambulantem
464 727 685 813 cognoscimus
720 726 824 790 deum.
867 726 995 808 fugerat
1035 742 1110 807 ergo
1151 727 1313 805 peccator,
1375 725 1398 780 D

163 857 224 901 non
245 856 306 918 quo
327 836 376 899 dei
399 839 510 917 posset
531 835 630 898 latere
655 837 872 915 conspectum,
897 833 953 896 sed
976 830 1059 895 intra
1081 829 1314 894 conscientiam

164 963 253 1008 snam
282 945 380 1007 latere
414 944 573 1026 cupiebat,
610 961 704 1024 opera
733 960 791 1005 sua
817 941 923 1005 lucere
952 939 1093 1004 nolebat.
1122 936 1198 1001 insti
1225 935 1311 1000 enim
1339 965 1352 1004 s

163 1050 276 1113 faciem
299 1049 472 1113 adfaciem
495 1049 613 1115 nidere.
636 1037 709 1130 quia
730 1047 808 1111 iusti
829 1065 920 1110 mens
943 1065 1003 1110 non
1025 1046 1128 1110 solum
1146 1044 1204 1108 deo
1223 1061 1312 1126 prae-

164 1177 236 1221 sens
255 1161 313 1228 est,
332 1156 386 1219 sed
402 1157 498 1220 etiam
513 1175 584 1219 oum
602 1154 659 1219 deo
676 1155 829 1237 disputat,
848 1154 932 1218 siout
953 1153 1107 1235 scriptum
1127 1154 1189 1217 est:
1211 1151 1313 1216 iudi·

165 1267 252 1328 cate
282 1264 444 1346 pupillo
476 1267 515 1326 et
544 1261 783 1326 iustificate
814 1261 975 1325 uiduam
1000 1262 1039 1324 et
1067 1259 1206 1324 uenite
1235 1259 1312 1322 dis·

164 1376 362 1453 putemus.
393 1370 497 1433 dicit
527 1370 721 1434 dominus.
757 1388 830 1452 ergo
863 1387 935 1433 cunr
965 1368 1046 1448 legit
1075 1369 1224 1451 peccator
1253 1366 1311 1430 has

165 1477 350 1557 scripturas,
379 1476 469 1539 audit
495 1494 607 1540 uocem
638 1476 689 1539 dei
719 1477 811 1558 quasi
840 1475 1031 1540 ambulantis
1061 1474 1100 1538 ad
1126 1493 1309 1557 uesperum.
1331 1502 1355 1539 ao

164 1583 239 1664 clirici
265 1586 314 1646 est
337 1583 380 1645 ad
400 1602 600 1664 rresperum
623 1583 683 1646 nisi
705 1583 780 1665 quia
799 1582 924 1665 culpam
945 1601 1035 1646 suam
1055 1601 1123 1647 sero
1143 1579 1311 1664 cognoscit
1377 1589 1397 1641 a

165 1694 197 1753 et
230 1708 299 1753 sero
334 1689 421 1752 uenit
455 1689 609 1770 quaedam
644 1690 757 1753 erroris
790 1689 953 1772 praeteriti
991 1687 1191 1766 uerecundia,
1230 1705 1311 1769 quae

166 1815 300 1861 errorem
316 1797 500 1877 praeuenire
516 1795 688 1862 debuerat?
708 1816 780 1860 nam
801 1795 875 1859 dum
897 1797 988 1878 crrlpa
1007 1795 1110 1860 feruet
1128 1795 1160 1859 in
1181 1815 1311 1879 corpore

166 1908 198 1967 et
226 1903 331 1966 anima
360 1903 537 1985 exagitatur
565 1903 704 1985 corporis
734 1902 948 1985 passionibus,
977 1922 1037 1966 non
1067 1901 1189 1986 cogitat
1216 1903 1312 1967 doram

167 2029 279 2073 sensus
314 2010 456 2085 errantis,
489 2010 550 2073 hoc
588 2014 637 2074 est
673 2030 731 2073 non
771 2009 860 2073 audit
895 2009 988 2073 deum
1023 2009 1243 2074 ambulantem
1281 2010 1356 2073 inas

167 2115 334 2196 scripturis
364 2115 491 2194 diuinis,
521 2117 738 2180 ambulantem
762 2116 793 2180 in
817 2117 976 2180 mentibus
1002 2116 1210 2201 singulorum.
1235 2116 1314 2181 dicit

170 2221 253 2284 enim
278 2221 369 2285 deris:
396 2222 581 2303 quoniam
606 2222 849 2286 inhabitabo
873 2223 910 2285 in
936 2223 1026 2286 illis
1051 2226 1091 2287 ot
1112 2223 1224 2288 iuter
1245 2242 1313 2288 eos

170 2327 383 2391 arubulabo
415 2333 453 2391 et
485 2346 549 2392 ero
581 2327 745 2393 illorum
779 2329 886 2392 deus.
918 2349 992 2412 ergo
1024 2348 1096 2394 oum
1126 2329 1158 2393 iu
1190 2330 1314 2394 animae

168 2453 296 2497 sensum
321 2434 451 2498 redierit
472 2435 641 2516 potestatis
666 2437 800 2499 formido
826 2436 961 2504 diuinae.
985 2440 1061 2501 tunc
1085 2436 1315 2513 erubescimus,
1382 2444 1400 2498 F

168 2548 243 2604 tunc
275 2560 331 2604 nos
363 2541 521 2624 gestimus
552 2541 754 2617 abscondere,
787 2546 863 2607 tuno
896 2547 1098 2626 peccatorum
1131 2545 1314 2608 nostrorum
1335 2572 1362 2610 so

168 2648 265 2730 positi
290 2649 539 2732 cogitationibus
564 2649 594 2712 in
619 2649 723 2713 medio
747 2650 827 2733 ligni
850 2650 999 2732 paradisi,
1023 2650 1079 2714 nbi
1098 2650 1317 2732 peccauimus,

170 2755 434 2837 deprehendimur
463 2756 561 2819 latero
586 2757 749 2839 cupientes
774 2761 805 2819 et
829 2757 1018 2821 arbitrantes
1043 2757 1126 2839 quod
1150 2756 1229 2821 deus
1255 2777 1316 2822 non

171 2862 311 2941 requirat
347 2862 483 2927 occulta.
522 2862 578 2927 sed
616 2867 773 2927 scrutator
810 2863 985 2927 animorum
1020 2868 1052 2927 et
1085 2864 1317 2947 cogitationum

261 3092 1316 3172 mmmammmemmmmmm

172 3197 185 3247 7
206 3194 276 3247 Esai.
298 3197 321 3258 1,
343 3196 374 3248 17
395 3213 434 3264 sq.
492 3198 523 3249 17
543 3197 631 3251 Leuit.
652 3199 694 3258 26,
717 3199 748 3250 12
804 3199 837 3251 23
858 3200 920 3268 Sap.
942 3201 966 3261 1,
985 3200 1001 3252 6

206 3340 221 3389 :l
246 3322 308 3389 ‹lffir
328 3338 365 3390 M
416 3339 433 3390 4
453 3337 555 3393 latere.
568 3356 677 3391 ..suani
696 3356 747 3392 oua.
761 3340 787 3391 A
804 3339 880 3395 (add.
900 3340 931 3392 in
950 3355 999 3408 ary.
1018 3339 1070 3407 inf.
1091 3344 1132 3392 ml
1150 3355 1201 3394 om¹
1216 3339 1315 3401 latere)

169 3425 264 3493 latere]
286 3426 404 3495 effugere
424 3427 453 3478 D
562 3432 733 3497 conspectum
745 3472 751 3483 .
763 3471 768 3481 .
781 3469 785 3480 .
798 3444 879 3497 opera
897 3445 948 3481 oea.
968 3427 1003 3485 R.
1029 3428 1094 3482 add.
1113 3429 1145 3480 ian
1162 3445 1212 3498 auo.
1233 3434 1276 3482 nal
1294 3428 1319 3483 S

170 3517 185 3567 5
206 3514 317 3568 nolebat
337 3518 361 3580 (e
381 3532 414 3568 eac
433 3516 451 3575 il
466 3516 492 3568 A
548 3517 617 3569 enirn
634 3517 744 3570 APVD
764 3520 805 3569 cst
825 3517 893 3570 enirn
914 3517 970 3569 No·
987 3517 1057 3570 enim
1078 3524 1121 3570 est
1141 3517 1172 3570 θ’
1194 3516 1315 3574 Uindob.

174 3605 231 3656 779
248 3603 361 3658 ittonae.
383 3607 464 3658 2549
500 3607 516 3659 6
535 3605 632 3658 faciem
647 3623 691 3673 pr.
712 3606 868 3659 ARVMV¹
887 3605 955 3659 facie
969 3606 997 3659 P
1015 3610 1041 3671 (e
1060 3623 1093 3660 eac
1112 3611 1136 3672 ἑ)
1156 3611 1204 3660 cet.
1261 3623 1316 3660 non

171 3709 198 3745 (n
219 3692 267 3745 oza
287 3708 307 3745 a.
327 3710 355 3748 a..
375 3697 432 3757 1112)
452 3697 479 3746 A
568 3693 632 3746 ser.
651 3696 743 3747 uenite
763 3699 790 3748 et
809 3695 977 3764 disputemus
995 3694 1023 3749 R
1112 3694 1198 3750 9hos
1216 3710 1269 3750 om.
1288 3694 1318 3751 R

171 3782 204 3835 10
223 3781 368 3851 scripturas
388 3783 493 3835 diuinas
512 3781 544 3833 N
597 3783 703 3835 audiuit
722 3784 801 3837 APC
854 3800 992 3855 uesperam
1012 3784 1070 3837 NG
1123 3784 1153 3838 ll
1171 3799 1316 3854 uesperum

172 3871 201 3923 (J‘
221 3887 334 3939 uespera
353 3874 414 3933 (orn.
435 3871 480 3936 ad)
505 3870 537 3923 V‘
555 3887 694 3939 uesperam
715 3878 760 3924 ccl.
836 3873 899 3941 quia
916 3890 937 3926 s.
957 3890 983 3926 u.
1003 3874 1030 3926 A
1122 3874 1154 3925 12
1173 3873 1272 3927 erroris
1293 3877 1319 3939 (r

164 3974 209 4026 pr.
230 3975 250 4012 a.
271 3963 309 4023 a.)
329 3960 355 4011 Α
429 3958 591 4012 uerecundia
610 3964 635 4023 (e
650 3977 695 4027 pr.
716 3977 749 4013 eac
767 3962 800 4023 ai)
820 3962 846 4013 A
911 3963 1053 4016 leonina
1072 3965 1099 4028 (a
1118 3961 1167 4015 ult.
1187 3977 1208 4016 c.
1228 3967 1269 4026 a.)
1289 3964 1317 4014 Α

207 4035 1318 4120 mmwmaaffimamwmmfflr

170 4137 285 4190 ineisB
325 4138 638 4204 18illommA(oc.au)
679 4141 803 4192 ltlsensu
818 4156 850 4192 ca·
864 4141 995 4193 scnsusA
1032 4141 1063 4193 21
1080 4138 1148 4208 ligni
1161 4146 1319 4210 suspectam

170 4227 204 4278 22
220 4227 390 4296 cupientibus
405 4228 432 4279 A
486 4228 521 4282 23
541 4228 689 4281 aniuraruna
710 4229 744 4281 M
