2836 4822
421 309 461 362 De
480 308 540 362 Noe
559 309 602 369 25.
623 309 665 362 92.
686 310 720 363 93
758 309 781 378 ss
799 309 851 363 266
871 308 971 371 A-F).
1202 312 1269 376 479

120 505 257 570 animam
282 504 383 569 caruis
409 505 595 587 sanguinem
621 503 809 587 appellauit:
834 504 864 567 in
886 523 977 567 carne
997 503 1081 567 enim
1101 503 1270 569 delectatio

120 619 153 678 ct
175 612 281 696 passio
310 617 369 687 est,
399 631 458 676 non
488 631 577 675 mens
607 615 638 675 et
668 611 877 677 ratiocinatio.
911 617 1016 673 tamen
1045 609 1071 672 si
1101 609 1271 693 diligenter

119 720 275 797 intendas,
298 720 351 784 hic
374 720 463 802 locus
487 719 578 783 illum
604 719 756 800 explanat.
782 738 852 782 cum
879 718 962 782 enim
986 717 1045 781 boc
1067 716 1138 780 loco
1158 716 1272 780 dixerit

120 827 305 910 sanguinem
343 825 489 900 animam,
524 825 634 906 utique
669 825 864 909 significauit
896 823 982 888 aliud
1016 842 1087 887 esse
1119 823 1267 890 animam.

87 933 205 999 ealiud
231 933 428 1018 sanguinem,
452 937 489 995 ut
513 932 557 995 sit
580 932 701 996 animae
722 931 901 996 substantia
920 930 1052 1012 spiritus
1071 930 1191 1005 uitalis,
1212 930 1268 994 sed

118 1040 225 1123 ipsum
249 1040 395 1121 spiritum
421 1039 553 1102 uitatem
578 1058 638 1102 non
663 1058 719 1121 per
742 1058 775 1102 se
803 1039 927 1102 tantum
958 1039 989 1100 et
1017 1037 1085 1101 sine
1115 1036 1267 1120 sanguine

119 1166 213 1211 usum
247 1146 366 1211 adferre
399 1145 539 1210 uiuendi.
575 1145 629 1209 sed
663 1146 861 1210 commisceri
895 1143 1052 1228 sanguini,
1085 1144 1160 1227 quia
1193 1149 1267 1207 sunt

118 1274 198 1335 quae
222 1244 422 1336 appellantur·
445 1253 576 1317 arteriae
600 1254 691 1317 uelut
713 1251 912 1335 receptacula
936 1251 1077 1334 spiritus,
1103 1269 1182 1333 quae
1206 1270 1265 1314 non
1288 1263 1313 1316 l)

118 1361 222 1423 solum
251 1379 353 1424 aerem
379 1379 492 1442 purum
517 1360 762 1443 amplectuntur,
784 1358 846 1423 sed
869 1359 963 1422 etiam
989 1357 1184 1441 sanguinem,
1210 1357 1267 1421 sed

72 1484 99 1522 ιο
117 1467 269 1530 minorem
294 1467 388 1550 longe
412 1466 576 1550 sanguinis
600 1467 786 1549 portionem.
808 1465 947 1550 ,gemina
975 1465 1056 1528 enim
1086 1484 1157 1528 cum
1187 1483 1266 1528 uasa

119 1573 192 1648 sint,
218 1573 304 1637 aliud
328 1592 427 1638 uenae
452 1592 531 1657 qnae
556 1560 634 1662 φλὲψ
659 1591 770 1657 graece
795 1571 982 1654 appellatur.
1007 1571 1092 1635 aliud
1120 1571 1264 1644 arteriae,

117 1699 199 1744 uena
236 1681 308 1762 plus
346 1681 442 1745 babet
479 1681 643 1765 sanguinis
677 1700 770 1762 quam
809 1679 951 1762 spiritus,
988 1679 1049 1743 boc
1087 1683 1136 1743 est
1174 1679 1263 1764 φλὲψ,

117 1787 230 1851 arteria
253 1788 359 1851 minus
384 1787 558 1871 sanguinis,
583 1787 684 1851 multo
709 1787 846 1869 amplius
876 1786 1018 1868 spiritns.
1052 1786 1115 1849 iam
1144 1789 1264 1868 tempe·

115 1893 195 1957 ratio
220 1913 276 1975 pro
301 1893 486 1958 diuersitate
511 1899 641 1958 naturae
666 1897 715 1957 est
738 1893 900 1958 bominum
927 1892 1137 1975 singulorum.
1171 1893 1265 1957 altior

28 1990 222 2063 931santem
247 2019 360 2064 sensns
394 2000 550 2063 delectare
582 2003 613 2064 te
647 1999 749 2074 debet,
789 1999 842 2081 qui
880 1999 1038 2083 significat
1075 1999 1305 2081 sanguinemll

116 2106 251 2171 animam
288 2107 360 2170 ideo
394 2107 524 2185 dictum,
560 2107 633 2188 quia
666 2106 797 2189 sanguis
831 2105 952 2169 calidus
986 2108 1018 2168 et
1049 2105 1169 2188 ignitus
1203 2109 1261 2173 est.

116 2211 199 2276 sicut
218 2216 268 2277 est
287 2213 402 2278 uirtus.
423 2213 615 2295 quicumque
634 2212 732 2297 igitur
757 2211 862 2275 studio
887 2212 983 2275 fuerit
1005 2211 1134 2275 uirtutis
1154 2229 1262 2275 accen-

116 2338 170 2383 sus
204 2323 236 2384 et
269 2339 418 2402 uaporem
452 2320 556 2383 laudis
589 2319 812 2402 adsumpserit,
847 2337 955 2382 omnes
982 2317 1111 2382 delicias
1140 2317 1260 2381 uentris

115 2425 264 2491 excludit.
289 2446 325 2490 ea
348 2427 447 2510 igitur
471 2426 699 2511 cogitationum
725 2445 804 2508 quae
829 2429 904 2490 sunt
927 2426 1062 2489 camalia
1085 2430 1180 2507 atque
1199 2428 1260 2488 ter·

67 2555 95 2594 ao
113 2551 187 2596 rena
210 2532 240 2596 in
264 2534 405 2609 uirtutis,
430 2534 543 2615 inquit.
569 2533 677 2597 ardore
700 2532 796 2615 positi
826 2532 963 2596 reicietis
992 2532 1083 2613 quasi
1111 2530 1261 2595 inhabilia

114 2638 247 2720 spiritali
273 2640 352 2703 cibo.
378 2659 437 2703 non
463 2639 545 2703 enim
570 2658 693 2703 carnem
714 2638 934 2715 manducabat,
954 2638 1013 2701 hoc
1033 2642 1083 2701 est
1100 2640 1260 2702 terrenum

114 2745 234 2827 aliquid
258 2746 420 2831 cogitabat
450 2746 504 2827 qui
533 2746 624 2810 dixit:
659 2765 768 2810 meus
801 2745 916 2810 cibus
948 2747 1011 2809 est
1040 2748 1083 2809 ut
1112 2744 1258 2809 faciam

113 2853 370 2917 uoluntatem
390 2852 521 2935 patris
541 2852 627 2925 mei,
648 2853 716 2934 qui
736 2852 772 2915 in
793 2851 917 2916 caelis
937 2854 1010 2929 est,
1031 2850 1137 2915 studia
1159 2851 1302 2916 homi-F

112 2957 205 3022 nibus
238 2959 368 3023 uirtutis
401 2959 557 3040 inspirans
596 2963 627 3022 et
661 2958 867 3040 cupiditatem
906 2959 1031 3022 diuinae
1068 2958 1258 3041 cognitionis

65 3089 93 3131 ss
111 3064 289 3129 infundens.
314 3085 387 3148 ergo
411 3069 550 3129 terrenae
571 3065 779 3148 cogitationes
800 3068 832 3129 et
849 3065 989 3128 infirmae
1009 3065 1099 3148 quasi
1120 3064 1258 3128 erriratac

112 3174 144 3235 et
167 3171 234 3235 sine
257 3191 319 3236 usu
344 3172 507 3256 sanguinis
537 3171 701 3237 habentur.
730 3175 767 3235 ut
795 3172 849 3235 ille
878 3171 1018 3234 euiratus
1048 3171 1174 3247 dicitur,
1203 3170 1257 3252 qni

111 3279 273 3362 sanguinis
298 3279 470 3362 plurimum
499 3279 654 3351 amiserit;
689 3279 803 3342 etenim
833 3278 996 3360 sanguinis
1025 3278 1177 3342 allusione
1205 3277 1257 3340 iri·

200 3522 233 3576 15
252 3522 332 3575 Philo
353 3521 464 3587 Quaest.
483 3521 510 3575 ll
530 3524 563 3575 59
618 3521 729 3576 221011.
748 3524 774 3583 4,
793 3523 827 3575 34

146 3648 266 3702 lcamis
286 3647 449 3732 aninramT
484 3647 635 3700 lanimanr
649 3647 734 3716 pr.P
752 3652 779 3711 (a
794 3663 837 3714 pr.
852 3646 883 3698 e'n
899 3645 966 3714 ras.)
1003 3643 1259 3697 5snbstantiamP

109 3776 145 3836 (m
165 3779 247 3839 erac)
295 3740 408 3837 binata
427 3775 454 3827 P
493 3773 580 3842 8un
595 3772 681 3842 prta
700 3775 747 3824 md
766 3771 879 3837 ΜΡ
920 3770 950 3824 11
973 3769 1045 3823 alind
1060 3769 1117 3837 pr]
1134 3768 1220 3821 allant
1233 3784 1255 3821 s.

108 3865 281 3924 u.(m1corr.
297 3862 381 3926 aliud)
397 3863 424 3916 P
438 3860 512 3916 aliud
528 3863 569 3912 est
584 3859 646 3913 DN
697 3859 781 3912 lleabs
795 3859 821 3911 P
834 3863 861 3924 (a
876 3863 958 3923 eras.)
974 3858 1040 3911 flebs
1056 3863 1103 3911 eet.
1159 3873 1255 3923 graece

108 3950 230 4022 ...φλέψ
250 3951 376 4004 omum
460 3950 492 4003 12
512 3966 612 4018 ucrraq;
634 3949 720 4017 Pup
745 3947 827 4016 erne.)
900 3947 966 4000 flebs
987 3946 1052 4000 libri
1138 3947 1171 4001 13
1190 3963 1254 3999 nam

107 4041 311 4109 temperatioB
380 4041 411 4092 17
433 4037 587 4092 cotonei}
660 4037 989 4107 copositiPpicu.)
1079 4036 1111 4088 21
1132 4034 1252 4098 hic(onr.

106 4133 158 4193 est)
180 4129 207 4182 B
287 4131 320 4183 22
336 4127 447 4197 aliquod
469 4127 492 4180 C
568 4128 601 4181 23
621 4126 739 4180 studium
759 4125 821 4178 DN
894 4125 929 4178 24
949 4124 1114 4192 cognitionis
1136 4124 1254 4192 Trogi·

105 4219 218 4271 tationis
238 4224 284 4272 cet.
341 4220 374 4271 2?
395 4218 495 4271 etenim
515 4216 656 4285 sanguinis
677 4216 711 4281 tis
730 4218 776 4268 rn3
796 4231 829 4269 eac
848 4220 872 4280 c)
894 4214 921 4266 P
