2836 4822
128 331 193 397 444
597 329 796 383 Ambrosii

24 514 30 526 ’
71 528 211 608 tdergo,
245 528 282 589 ut
314 525 352 588 ad
385 525 548 606 superiora
580 524 756 603 redeamus,
790 525 875 589 delet
903 525 981 589 deus
1009 525 1276 589 resurrectionem

127 633 228 697 carnis
267 637 430 713 tamquam
470 632 597 715 apicum
634 632 846 712 scriptionem.
886 651 947 713 quo
980 632 1158 697 declaratur
1189 631 1280 713 quod

127 739 318 821 superfluam
338 739 502 803 hominum
522 739 723 803 natiuitatem
743 742 871 821 propter
888 738 1085 820 impietatem
1105 739 1173 802 eius
1191 738 1278 803 dele-

126 847 210 911 uerit
233 846 338 929 specie
362 847 550 924 litterarum,
575 846 788 911 substantiam
812 850 919 910 autem
944 849 976 910 ct
999 847 1275 912 conuersatiouern

128 953 251 1038 generis
275 953 410 1018 sernarit
437 953 568 1017 humaui
597 955 687 1017 uelut
713 953 925 1035 perpetuitate
952 953 1143 1028 tabularum,
1173 957 1211 1018 ut
1239 973 1277 1018 ex
1311 977 1323 1014 a

128 1079 165 1125 ea
188 1079 295 1124 semen
319 1060 477 1143 reliquum
500 1061 681 1142 pullularet.
710 1060 761 1124 cui
786 1061 961 1125 sententiae
986 1061 1152 1125 conuenire
1177 1062 1274 1125 etiam

126 1167 207 1232 illud
231 1167 369 1246 uidetur,
395 1167 468 1249 quia
492 1167 550 1231 ait:
586 1167 728 1231 delebo
758 1166 861 1250 inquit
889 1187 1038 1232 omnem
1070 1188 1274 1233 resurrec·
1322 1176 1409 1231 alca

127 1274 280 1338 tionem
313 1274 459 1341 carnis.
493 1274 715 1339 resurrectioni
744 1278 850 1339 autem
875 1274 1035 1338 communi
1057 1296 1118 1340 usu
1143 1279 1275 1341 naturae

125 1381 282 1446 contraria
296 1381 424 1447 uidetur
440 1401 510 1446 esse
525 1381 682 1464 purgatio,
698 1381 968 1464 quiapurgatione
978 1381 1129 1447 reciditur
1139 1386 1171 1447 et
1180 1385 1277 1467 repri-

126 1487 225 1551 mitur
239 1488 477 1553 resurrectionis
493 1489 625 1553 luxuria.
641 1509 733 1553 omne
748 1493 851 1553 tamen
869 1489 953 1572 quod
967 1492 1121 1574 purgatur
1136 1491 1275 1573 speciem
1297 1513 1324 1551 ro

125 1595 257 1672 amittit,
273 1596 484 1661 substantiam
500 1617 591 1661 suam
608 1601 714 1661 seruat
728 1600 822 1679 atque
838 1598 992 1661 meliorat.
1013 1597 1163 1680 repressit
1176 1597 1277 1680 igitur

128 1701 274 1766 dominus
298 1701 361 1766 ianr
386 1702 572 1786 purgatione
597 1703 710 1767 diluuii
735 1723 918 1786 corporeum
943 1722 1037 1767 usum
1062 1705 1277 1769 conuersatio-

128 1828 262 1891 nemque
282 1810 495 1894 generationis
516 1811 594 1887 eius,
615 1830 693 1893 quae
713 1810 958 1894 degenerauerat
976 1831 995 1875 a
1013 1811 1124 1876 decore
1144 1815 1276 1876 naturae

126 1919 161 1978 et
183 1917 304 1998 accepti
327 1917 466 1983 ruuueris
495 1920 671 1982 uenustate.
700 1916 777 1981 baec
805 1917 980 1980 secundum
1007 1917 1156 1982 litteram.
1190 1920 1276 2001 quod
1343 1925 1365 1976 Β

126 2028 233 2094 auteur
259 2025 297 2089 ad
322 2025 465 2090 altiorem
488 2025 624 2109 pertinet
648 2044 786 2101 sensum,
812 2023 925 2088 diluuii
949 2024 1071 2107 species
1100 2029 1196 2108 typus
1225 2030 1277 2090 est
1296 2046 1322 2085 rs

127 2135 325 2220 purgationis
351 2135 471 2198 animae
495 2136 631 2223 nostrae.
663 2132 771 2214 itaque
799 2152 872 2196 curu
900 2149 989 2195 ruens
1017 2136 1125 2197 nostra
1151 2133 1275 2217 [corpo-

127 2242 261 2325 ralibus]
285 2261 318 2306 se
338 2262 356 2305 a
375 2240 485 2304 muudi
507 2240 602 2304 istius
624 2239 801 2313 inlecebris,
822 2238 938 2322 quibus
958 2241 1028 2303 ante
1048 2240 1275 2318 delectabatur,

128 2348 273 2425 abluerit,
312 2348 403 2412 bonis
441 2345 688 2429 cogitationibus
721 2345 839 2409 ueteris
874 2345 1054 2409 conluuiem
1088 2345 1275 2429 cupiditatis

127 2457 290 2538 absterget
325 2459 487 2534 tamquam
522 2452 704 2533 purioribus
742 2452 913 2516 absorbens
950 2452 1041 2534 aquis
1074 2452 1273 2516 turbidorum

127 2563 214 2645 prius
240 2560 481 2625 amaritudinem
506 2559 707 2625 fluentorum.
1294 2582 1324 2621 ao

72 2667 116 2731 47
172 2669 221 2732 Et
245 2668 347 2732 iecit
370 2666 473 2748 iuquit
497 2665 627 2730 omnia
650 2666 731 2730 Noe
754 2685 855 2747 quae
875 2666 1083 2731 mandauit
1102 2667 1136 2731 ei
1156 2666 1275 2731 dorni·
1344 2671 1366 2726 C

129 2795 201 2840 nus
226 2775 334 2839 deus.
359 2773 464 2836 iustus
487 2772 636 2836 mandata
659 2774 786 2855 accipit,
811 2792 922 2837 seruus
942 2773 1083 2855 imperia.
1109 2774 1159 2838 bic
1180 2775 1274 2838 amici

129 2886 275 2947 censetur
297 2881 367 2945 loco
396 2879 450 2961 qni
478 2880 589 2944 fecerit
617 2899 833 2963 quaecumque
863 2880 1060 2963 exsequenda
1088 2881 1274 2963 susceperit,

127 2989 181 3053 ille
207 2989 260 3071 qui
283 2990 375 3052 nutat
398 2987 558 3070 obsequiis
583 2988 667 3051 oneri
691 2988 857 3052 seruitutis
887 2988 1052 3052 addicitur.
1086 2987 1218 3069 denique
1244 2991 1277 3052 et

128 3094 275 3159 domiuus
299 3096 390 3159 Iesus
416 3095 493 3159 dicit
519 3095 550 3158 in
580 3095 761 3179 euangelio:
796 3114 866 3160 uos
900 3095 1016 3159 amici
1049 3094 1125 3159 mei
1157 3094 1273 3170 estis,
1295 3116 1324 3158 aa

218 3286 252 3338 ‘20
272 3285 353 3339 Exod.
376 3286 417 3352 15,
433 3286 466 3339 23
516 3287 548 3338 ⁴21
571 3284 638 3341 Gen.
657 3287 681 3346 7,
701 3288 718 3340 5
738 3285 816 3338 Philo
836 3284 947 3350 Quaest.
967 3285 994 3338 Il
1016 3286 1046 3340 lc
1097 3287 1131 3340 25
1150 3285 1209 3339 [oh.
1232 3286 1273 3345 15.

132 3377 164 3428 14
184 3393 223 3444 eq.

165 3497 322 3553 ‘ddeclarat
342 3499 401 3552 Udi
461 3485 667 3569 luelutspffr
687 3500 713 3553 B
777 3500 927 3552 bseruarit
946 3499 1133 3566 Priteasl)
1158 3499 1189 3553 Β
1209 3505 1234 3565 (t
1252 3517 1274 3555 a.

129 3593 168 3652 aa.)
193 3588 218 3640 Τ
234 3592 354 3641 seruaret
373 3587 436 3641 ΒΜ
453 3605 559 3641 seruarc
578 3587 640 3641 DN
642 3589 665 3641 0
722 3589 809 3656 uelut]
830 3587 919 3641 uoluit
937 3588 996 3642 Du
1046 3591 1062 3642 6
1082 3589 1232 3658 pulluraret
1250 3590 1277 3642 P

129 3676 151 3745 (1
169 3694 190 3731 s.
210 3677 232 3745 r)
271 3678 465 3746 lquial'rul
485 3677 530 3745 qui
554 3676 833 3745 TquodPra2eet.
879 3679 910 3730 12
930 3677 983 3729 iam
1007 3677 1095 3745 Tqui
1114 3678 1167 3730 iam
1187 3678 1278 3731 PT‘C

130 3748 183 3861 ddi
203 3792 229 3844 B
248 3792 362 3861 quadam
382 3791 420 3858 N,
440 3809 490 3846 om.
509 3791 550 3844 M.
570 3792 601 3844 in
620 3792 649 3846 D
667 3793 789 3859 spatium
808 3800 847 3846 eat
868 3796 884 3846 5
904 3793 956 3845 litt.
1004 3795 1037 3847 13
1057 3793 1147 3846 aDN
1165 3809 1234 3861 quae
1250 3795 1279 3847 P

131 3885 224 3946 (erar.)
248 3881 278 3943 T,
298 3897 348 3934 om.
373 3881 404 3934 Β
423 3887 470 3935 cet.
579 3881 701 3934 decorem
724 3882 749 3933 T
844 3885 876 3935 14
896 3885 1038 3936 uenustate
1057 3883 1088 3935 N
1104 3887 1276 3936 uenustatem

131 3970 259 4023 amiserat
277 3971 302 4022 Τ
319 3969 449 4022 uestatG
466 3973 593 4022 uenustat
613 3977 659 4023 cet.
733 3970 800 4023 haec
820 3972 847 4023 P
865 3972 892 4036 (b
913 3988 933 4025 s.
953 3989 973 4024 a
1001 3972 1058 4040 rad)
1115 3973 1147 4026 15
1167 3988 1276 4025 sensnm

131 4059 250 4127 pertinet
268 4059 295 4110 Β
382 4059 414 4111 16
434 4058 617 4127 corporalibus
636 4060 748 4125 soclusi;
765 4060 816 4112 aia
829 4059 977 4127 probabile
995 4059 1166 4114 scribendum
1186 4076 1242 4113 esse
1261 4078 1277 4114 a

130 4147 315 4216 corporalibus
335 4164 363 4200 se
406 4148 438 4200 la
458 4147 567 4215 bonisq;
588 4148 618 4201 D
637 4151 679 4216 (q;
700 4148 771 4217 erp.)
794 4148 852 4200 CM
868 4148 947 4200 bonis
967 4165 1074 4217 qnoque
1092 4148 1126 4201 N
1159 4150 1193 4202 2⁸2
1208 4147 1277 4203 deus

131 4251 183 4288 om.
203 4235 321 4288 PYT‘B
394 4236 498 4304 accepit
520 4236 545 4289 Τ
564 4242 642 4299 (corr.
663 4236 773 4306 accipit)
795 4237 887 4291 ΝΟΜ
938 4239 972 4290 ‘24
993 4242 1021 4292 et
1040 4255 1091 4292 om.
1110 4238 1138 4291 B
