<?xml version="1.0" encoding="UTF-8"?>
<!DOCTYPE html PUBLIC "-//W3C//DTD XHTML 1.0 Transitional//EN"
    "http://www.w3.org/TR/xhtml1/DTD/xhtml1-transitional.dtd">
<html xmlns="http://www.w3.org/1999/xhtml" xml:lang="en" lang="en">
 <head>
  <title>
</title>
<meta http-equiv="Content-Type" content="text/html;charset=utf-8" />
  <meta name='ocr-system' content='tesseract 3.04.00' />
  <meta name='ocr-capabilities' content='ocr_page ocr_carea ocr_par ocr_line ocrx_word'/>
</head>
<body>
  <div class='ocr_page' id='page_1' title='image "./sanctiambrosiio02petsgoog_0507.png"; bbox 0 0 2836 4822; ppageno 0'>
   <div class='ocr_carea' id='block_1_1' title="bbox 154 337 827 404">
    <p class='ocr_par' dir='ltr' id='par_1_1' title="bbox 154 337 827 404">
     <span class='ocr_line' id='line_1_1' title="bbox 154 337 827 404; baseline 0 -14"><span class='ocrx_word' id='word_1_1' title='bbox 154 340 219 404; x_wconf 78' lang='grc'>496</span> <span class='ocrx_word' id='word_1_2' title='bbox 627 337 827 391; x_wconf 78' lang='lat' dir='ltr'>Ambrosii</span> 
     </span>
    </p>
   </div>
   <div class='ocr_carea' id='block_1_2' title="bbox 40 527 1402 3284">
    <p class='ocr_par' dir='ltr' id='par_1_2' title="bbox 40 527 1381 1579">
     <span class='ocr_line' id='line_1_2' title="bbox 40 527 1378 615; baseline 0.004 -23"><span class='ocrx_word' id='word_1_3' title='bbox 40 527 156 607; x_wconf 56' lang='grc'><strong>,4,126</strong></span> <span class='ocrx_word' id='word_1_4' title='bbox 202 532 293 596; x_wconf 86' lang='lat' dir='ltr'>Nunc</span> <span class='ocrx_word' id='word_1_5' title='bbox 317 551 431 613; x_wconf 84' lang='lat' dir='ltr'>quaero</span> <span class='ocrx_word' id='word_1_6' title='bbox 456 551 518 613; x_wconf 88' lang='lat' dir='ltr'>qua</span> <span class='ocrx_word' id='word_1_7' title='bbox 541 532 660 596; x_wconf 88' lang='lat' dir='ltr'>ratione</span> <span class='ocrx_word' id='word_1_8' title='bbox 686 531 784 597; x_wconf 70' lang='lat' dir='ltr'>(tham</span> <span class='ocrx_word' id='word_1_9' title='bbox 808 532 896 596; x_wconf 88' lang='lat' dir='ltr'>illius</span> <span class='ocrx_word' id='word_1_10' title='bbox 920 532 1053 615; x_wconf 86' lang='lat' dir='ltr'>improbi</span> <span class='ocrx_word' id='word_1_11' title='bbox 1077 532 1180 597; x_wconf 87' lang='lat' dir='ltr'>lilium</span> <span class='ocrx_word' id='word_1_12' title='bbox 1201 532 1301 598; x_wconf 84' lang='lat' dir='ltr'>Chum</span> <span class='ocrx_word' id='word_1_13' title='bbox 1360 544 1378 597; x_wconf 87' lang='lat' dir='ltr'><strong>B</strong></span> 
     </span>
     <span class='ocr_line' id='line_1_3' title="bbox 156 639 1302 723; baseline 0 -19"><span class='ocrx_word' id='word_1_14' title='bbox 156 640 309 704; x_wconf 79' lang='lat' dir='ltr'>seniorem</span> <span class='ocrx_word' id='word_1_15' title='bbox 331 639 486 721; x_wconf 79' lang='lat' dir='ltr'>scriptura</span> <span class='ocrx_word' id='word_1_16' title='bbox 505 639 604 703; x_wconf 85' lang='lat' dir='ltr'>fuisse</span> <span class='ocrx_word' id='word_1_17' title='bbox 624 639 832 704; x_wconf 80' lang='lat' dir='ltr'>memorauit?</span> <span class='ocrx_word' id='word_1_18' title='bbox 857 639 919 702; x_wconf 93' lang='lat' dir='ltr'>duo</span> <span class='ocrx_word' id='word_1_19' title='bbox 940 658 1055 723; x_wconf 88' lang='lat' dir='ltr'>genera</span> <span class='ocrx_word' id='word_1_20' title='bbox 1072 644 1184 718; x_wconf 88' lang='lat' dir='ltr'>terrae,</span> <span class='ocrx_word' id='word_1_21' title='bbox 1205 661 1302 704; x_wconf 87' lang='lat' dir='ltr'>unum</span> 
     </span>
     <span class='ocr_line' id='line_1_4' title="bbox 156 747 1304 830; baseline 0 -18"><span class='ocrx_word' id='word_1_22' title='bbox 156 749 247 812; x_wconf 93' lang='lat' dir='ltr'>uelut</span> <span class='ocrx_word' id='word_1_23' title='bbox 269 747 458 811; x_wconf 80' lang='lat' dir='ltr'>harenosum</span> <span class='ocrx_word' id='word_1_24' title='bbox 484 750 516 811; x_wconf 90' lang='lat' dir='ltr'>et</span> <span class='ocrx_word' id='word_1_25' title='bbox 538 748 807 830; x_wconf 80' lang='lat' dir='ltr'>puluerulenturn,</span> <span class='ocrx_word' id='word_1_26' title='bbox 826 747 923 812; x_wconf 89' lang='lat' dir='ltr'>immo</span> <span class='ocrx_word' id='word_1_27' title='bbox 943 750 981 811; x_wconf 91' lang='lat' dir='ltr'>ut</span> <span class='ocrx_word' id='word_1_28' title='bbox 999 748 1180 829; x_wconf 82' lang='lat' dir='ltr'>expressius</span> <span class='ocrx_word' id='word_1_29' title='bbox 1202 747 1304 812; x_wconf 86' lang='lat' dir='ltr'>dicam</span> 
     </span>
     <span class='ocr_line' id='line_1_5' title="bbox 157 854 1305 938; baseline 0.002 -20"><span class='ocrx_word' id='word_1_30' title='bbox 157 856 275 938; x_wconf 80' lang='lat' dir='ltr'>puluis,</span> <span class='ocrx_word' id='word_1_31' title='bbox 305 854 391 918; x_wconf 89' lang='lat' dir='ltr'>aliud</span> <span class='ocrx_word' id='word_1_32' title='bbox 420 873 520 938; x_wconf 90' lang='lat' dir='ltr'>genus</span> <span class='ocrx_word' id='word_1_33' title='bbox 549 858 651 918; x_wconf 87' lang='lat' dir='ltr'>terrae</span> <span class='ocrx_word' id='word_1_34' title='bbox 679 854 879 918; x_wconf 84' lang='lat' dir='ltr'>fructiferum</span> <span class='ocrx_word' id='word_1_35' title='bbox 907 857 1002 936; x_wconf 88' lang='lat' dir='ltr'>atque</span> <span class='ocrx_word' id='word_1_36' title='bbox 1030 855 1219 930; x_wconf 78' lang='lat' dir='ltr'>seeundum,</span> <span class='ocrx_word' id='word_1_37' title='bbox 1248 856 1305 920; x_wconf 87' lang='lat' dir='ltr'>hoe</span> 
     </span>
     <span class='ocr_line' id='line_1_6' title="bbox 159 960 1347 1045; baseline -0.003 -19"><span class='ocrx_word' id='word_1_38' title='bbox 159 966 208 1028; x_wconf 89' lang='lat' dir='ltr'>est</span> <span class='ocrx_word' id='word_1_39' title='bbox 230 966 313 1026; x_wconf 91' lang='lat' dir='ltr'>terra</span> <span class='ocrx_word' id='word_1_40' title='bbox 337 961 468 1026; x_wconf 83' lang='lat' dir='ltr'>solidior</span> <span class='ocrx_word' id='word_1_41' title='bbox 491 965 524 1025; x_wconf 90' lang='lat' dir='ltr'>et</span> <span class='ocrx_word' id='word_1_42' title='bbox 546 961 710 1044; x_wconf 85' lang='lat' dir='ltr'>profunda.</span> <span class='ocrx_word' id='word_1_43' title='bbox 743 960 820 1043; x_wconf 92' lang='lat' dir='ltr'>quid</span> <span class='ocrx_word' id='word_1_44' title='bbox 842 961 941 1044; x_wconf 90' lang='lat' dir='ltr'>igitur</span> <span class='ocrx_word' id='word_1_45' title='bbox 963 961 1127 1044; x_wconf 88' lang='lat' dir='ltr'>improbus</span> <span class='ocrx_word' id='word_1_46' title='bbox 1152 962 1214 1026; x_wconf 89' lang='lat' dir='ltr'>nisi</span> <span class='ocrx_word' id='word_1_47' title='bbox 1239 964 1306 1045; x_wconf 93' lang='lat' dir='ltr'>pul·</span> <span class='ocrx_word' id='word_1_48' title='bbox 1335 983 1347 1022; x_wconf 76' lang='lat' dir='ltr'>s</span> 
     </span>
     <span class='ocr_line' id='line_1_7' title="bbox 159 1067 1381 1152; baseline -0.001 -20"><span class='ocrx_word' id='word_1_49' title='bbox 159 1087 268 1133; x_wconf 90' lang='lat' dir='ltr'>nerem</span> <span class='ocrx_word' id='word_1_50' title='bbox 297 1071 434 1152; x_wconf 78' lang='lat' dir='ltr'>generat,</span> <span class='ocrx_word' id='word_1_51' title='bbox 464 1087 500 1131; x_wconf 82' lang='lat' dir='ltr'>en</span> <span class='ocrx_word' id='word_1_52' title='bbox 529 1087 590 1149; x_wconf 93' lang='lat' dir='ltr'>quo</span> <span class='ocrx_word' id='word_1_53' title='bbox 625 1067 784 1151; x_wconf 85' lang='lat' dir='ltr'>generatio</span> <span class='ocrx_word' id='word_1_54' title='bbox 819 1086 888 1131; x_wconf 86' lang='lat' dir='ltr'>esse</span> <span class='ocrx_word' id='word_1_55' title='bbox 922 1087 981 1132; x_wconf 94' lang='lat' dir='ltr'>non</span> <span class='ocrx_word' id='word_1_56' title='bbox 1014 1068 1138 1151; x_wconf 69' lang='lat' dir='ltr'>possit?</span> <span class='ocrx_word' id='word_1_57' title='bbox 1173 1069 1306 1150; x_wconf 91' lang='lat' dir='ltr'>ideoque</span> <span class='ocrx_word' id='word_1_58' title='bbox 1365 1075 1381 1131; x_wconf 82' lang='lat' dir='ltr'>c</span> 
     </span>
     <span class='ocr_line' id='line_1_8' title="bbox 159 1175 1306 1260; baseline -0.001 -20"><span class='ocrx_word' id='word_1_59' title='bbox 159 1177 314 1259; x_wconf 87' lang='lat' dir='ltr'>propheta</span> <span class='ocrx_word' id='word_1_60' title='bbox 337 1176 501 1257; x_wconf 89' lang='lat' dir='ltr'>puluerem</span> <span class='ocrx_word' id='word_1_61' title='bbox 520 1176 627 1258; x_wconf 87' lang='lat' dir='ltr'>impiis</span> <span class='ocrx_word' id='word_1_62' title='bbox 648 1175 832 1256; x_wconf 84' lang='lat' dir='ltr'>conparauit</span> <span class='ocrx_word' id='word_1_63' title='bbox 851 1175 973 1240; x_wconf 87' lang='lat' dir='ltr'>dicens:</span> <span class='ocrx_word' id='word_1_64' title='bbox 998 1195 1071 1240; x_wconf 93' lang='lat' dir='ltr'>non</span> <span class='ocrx_word' id='word_1_65' title='bbox 1097 1176 1156 1241; x_wconf 90' lang='lat' dir='ltr'>sio</span> <span class='ocrx_word' id='word_1_66' title='bbox 1181 1176 1306 1260; x_wconf 71' lang='lat' dir='ltr'>impii,</span> 
     </span>
     <span class='ocr_line' id='line_1_9' title="bbox 161 1280 1307 1364; baseline 0 -18"><span class='ocrx_word' id='word_1_67' title='bbox 161 1303 235 1346; x_wconf 95' lang='lat' dir='ltr'>non</span> <span class='ocrx_word' id='word_1_68' title='bbox 261 1281 331 1359; x_wconf 80' lang='lat' dir='ltr'>sio,</span> <span class='ocrx_word' id='word_1_69' title='bbox 357 1281 426 1344; x_wconf 88' lang='lat' dir='ltr'>sed</span> <span class='ocrx_word' id='word_1_70' title='bbox 450 1285 651 1361; x_wconf 83' lang='lat' dir='ltr'>tamquam</span> <span class='ocrx_word' id='word_1_71' title='bbox 675 1280 826 1364; x_wconf 84' lang='lat' dir='ltr'>puluis,</span> <span class='ocrx_word' id='word_1_72' title='bbox 852 1301 962 1363; x_wconf 90' lang='lat' dir='ltr'>quern</span> <span class='ocrx_word' id='word_1_73' title='bbox 984 1280 1307 1363; x_wconf 86' lang='lat' dir='ltr'>proioituentus</span> 
     </span>
     <span class='ocr_line' id='line_1_10' title="bbox 163 1387 1308 1469; baseline 0 -16"><span class='ocrx_word' id='word_1_74' title='bbox 163 1409 180 1453; x_wconf 89' lang='lat' dir='ltr'>a</span> <span class='ocrx_word' id='word_1_75' title='bbox 210 1388 315 1452; x_wconf 80' lang='lat' dir='ltr'>faeie</span> <span class='ocrx_word' id='word_1_76' title='bbox 346 1391 489 1463; x_wconf 83' lang='lat' dir='ltr'>terrae,</span> <span class='ocrx_word' id='word_1_77' title='bbox 522 1406 557 1452; x_wconf 91' lang='lat' dir='ltr'>eo</span> <span class='ocrx_word' id='word_1_78' title='bbox 583 1387 786 1469; x_wconf 89' lang='lat' dir='ltr'>quodetiam</span> <span class='ocrx_word' id='word_1_79' title='bbox 812 1388 987 1452; x_wconf 85' lang='lat' dir='ltr'>seeundum</span> <span class='ocrx_word' id='word_1_80' title='bbox 1011 1388 1157 1453; x_wconf 90' lang='lat' dir='ltr'>altiorem</span> <span class='ocrx_word' id='word_1_81' title='bbox 1181 1408 1308 1453; x_wconf 88' lang='lat' dir='ltr'>sensum</span> 
     </span>
     <span class='ocr_line' id='line_1_11' title="bbox 163 1494 1350 1579; baseline -0.002 -20"><span class='ocrx_word' id='word_1_82' title='bbox 163 1495 330 1559; x_wconf 82' lang='lat' dir='ltr'>infecunda</span> <span class='ocrx_word' id='word_1_83' title='bbox 363 1495 406 1558; x_wconf 87' lang='lat' dir='ltr'>sit</span> <span class='ocrx_word' id='word_1_84' title='bbox 435 1494 605 1575; x_wconf 88' lang='lat' dir='ltr'>impiorum</span> <span class='ocrx_word' id='word_1_85' title='bbox 635 1494 747 1571; x_wconf 79' lang='lat' dir='ltr'>anima,</span> <span class='ocrx_word' id='word_1_86' title='bbox 777 1514 856 1575; x_wconf 90' lang='lat' dir='ltr'>quae</span> <span class='ocrx_word' id='word_1_87' title='bbox 884 1494 1008 1560; x_wconf 85' lang='lat' dir='ltr'>fruetus</span> <span class='ocrx_word' id='word_1_88' title='bbox 1037 1495 1133 1559; x_wconf 91' lang='lat' dir='ltr'>utiles</span> <span class='ocrx_word' id='word_1_89' title='bbox 1163 1514 1308 1579; x_wconf 90' lang='lat' dir='ltr'>generare</span> <span class='ocrx_word' id='word_1_90' title='bbox 1328 1521 1350 1558; x_wconf 88' lang='lat' dir='ltr'>u</span> 
     </span>
    </p>

    <p class='ocr_par' dir='ltr' id='par_1_3' title="bbox 77 1598 1402 2219">
     <span class='ocr_line' id='line_1_12' title="bbox 77 1598 1308 1686; baseline 0.003 -25"><span class='ocrx_word' id='word_1_91' title='bbox 77 1598 225 1666; x_wconf 79' lang='lat'>12711011</span> <span class='ocrx_word' id='word_1_92' title='bbox 267 1601 379 1683; x_wconf 87' lang='lat' dir='ltr'>possit.</span> <span class='ocrx_word' id='word_1_93' title='bbox 423 1621 484 1682; x_wconf 91' lang='lat' dir='ltr'>qua</span> <span class='ocrx_word' id='word_1_94' title='bbox 520 1600 640 1664; x_wconf 86' lang='lat' dir='ltr'>ratione</span> <span class='ocrx_word' id='word_1_95' title='bbox 679 1601 773 1664; x_wconf 88' lang='lat' dir='ltr'>etiam</span> <span class='ocrx_word' id='word_1_96' title='bbox 813 1601 900 1666; x_wconf 87' lang='lat' dir='ltr'>Chus</span> <span class='ocrx_word' id='word_1_97' title='bbox 937 1601 1111 1666; x_wconf 90' lang='lat' dir='ltr'>Nembroth</span> <span class='ocrx_word' id='word_1_98' title='bbox 1147 1602 1308 1686; x_wconf 77' lang='lat' dir='ltr'>gigantem</span> 
     </span>
     <span class='ocr_line' id='line_1_13' title="bbox 165 1707 1402 1793; baseline -0.003 -20"><span class='ocrx_word' id='word_1_99' title='bbox 165 1712 304 1793; x_wconf 78' lang='lat' dir='ltr'>generat,</span> <span class='ocrx_word' id='word_1_100' title='bbox 329 1708 383 1790; x_wconf 92' lang='lat' dir='ltr'>qui</span> <span class='ocrx_word' id='word_1_101' title='bbox 402 1710 469 1771; x_wconf 90' lang='lat' dir='ltr'>erat</span> <span class='ocrx_word' id='word_1_102' title='bbox 487 1710 620 1772; x_wconf 90' lang='lat' dir='ltr'>uenator</span> <span class='ocrx_word' id='word_1_103' title='bbox 638 1710 710 1770; x_wconf 89' lang='lat' dir='ltr'>ante</span> <span class='ocrx_word' id='word_1_104' title='bbox 730 1708 846 1772; x_wconf 79' lang='lat' dir='ltr'>deum?</span> <span class='ocrx_word' id='word_1_105' title='bbox 866 1707 948 1772; x_wconf 91' lang='lat' dir='ltr'>unde</span> <span class='ocrx_word' id='word_1_106' title='bbox 967 1708 1088 1772; x_wconf 85' lang='lat' dir='ltr'>dietum</span> <span class='ocrx_word' id='word_1_107' title='bbox 1109 1714 1174 1773; x_wconf 85' lang='lat' dir='ltr'>est:</span> <span class='ocrx_word' id='word_1_108' title='bbox 1200 1709 1309 1773; x_wconf 83' lang='lat' dir='ltr'>siout</span> <span class='ocrx_word' id='word_1_109' title='bbox 1349 1715 1402 1771; x_wconf 49' lang='lat'>258¹</span> 
     </span>
     <span class='ocr_line' id='line_1_14' title="bbox 164 1815 1309 1897; baseline 0 -17"><span class='ocrx_word' id='word_1_110' title='bbox 164 1816 386 1880; x_wconf 86' lang='lat' dir='ltr'>Nernbroth</span> <span class='ocrx_word' id='word_1_111' title='bbox 430 1815 575 1897; x_wconf 83' lang='lat' dir='ltr'>gigans</span> <span class='ocrx_word' id='word_1_112' title='bbox 614 1819 785 1878; x_wconf 87' lang='lat' dir='ltr'>uenator</span> <span class='ocrx_word' id='word_1_113' title='bbox 822 1820 911 1878; x_wconf 89' lang='lat' dir='ltr'>ante</span> <span class='ocrx_word' id='word_1_114' title='bbox 950 1816 1071 1880; x_wconf 88' lang='lat' dir='ltr'>deum.</span> <span class='ocrx_word' id='word_1_115' title='bbox 1110 1815 1186 1897; x_wconf 93' lang='lat' dir='ltr'>quid</span> <span class='ocrx_word' id='word_1_116' title='bbox 1224 1815 1309 1880; x_wconf 92' lang='lat' dir='ltr'>aliud</span> 
     </span>
     <span class='ocr_line' id='line_1_15' title="bbox 164 1921 1311 2006; baseline 0.001 -20"><span class='ocrx_word' id='word_1_117' title='bbox 164 1923 264 2006; x_wconf 90' lang='lat' dir='ltr'>igitur</span> <span class='ocrx_word' id='word_1_118' title='bbox 291 1922 399 2003; x_wconf 87' lang='lat' dir='ltr'>puluis</span> <span class='ocrx_word' id='word_1_119' title='bbox 429 1924 461 1986; x_wconf 91' lang='lat' dir='ltr'>et</span> <span class='ocrx_word' id='word_1_120' title='bbox 488 1922 603 1984; x_wconf 83' lang='lat' dir='ltr'>harena</span> <span class='ocrx_word' id='word_1_121' title='bbox 627 1925 790 2004; x_wconf 78' lang='lat' dir='ltr'>generaret</span> <span class='ocrx_word' id='word_1_122' title='bbox 813 1921 874 1985; x_wconf 91' lang='lat' dir='ltr'>nisi</span> <span class='ocrx_word' id='word_1_123' title='bbox 897 1925 1055 1985; x_wconf 87' lang='lat' dir='ltr'>terrenum</span> <span class='ocrx_word' id='word_1_124' title='bbox 1080 1923 1250 2000; x_wconf 84' lang='lat' dir='ltr'>hominem,</span> <span class='ocrx_word' id='word_1_125' title='bbox 1275 1942 1311 1987; x_wconf 92' lang='lat' dir='ltr'>eo</span> 
     </span>
     <span class='ocr_line' id='line_1_16' title="bbox 167 2027 1354 2112; baseline -0.003 -19"><span class='ocrx_word' id='word_1_126' title='bbox 167 2029 251 2111; x_wconf 93' lang='lat' dir='ltr'>quod</span> <span class='ocrx_word' id='word_1_127' title='bbox 283 2028 401 2111; x_wconf 91' lang='lat' dir='ltr'>impius</span> <span class='ocrx_word' id='word_1_128' title='bbox 435 2027 627 2091; x_wconf 89' lang='lat' dir='ltr'>caelestibus</span> <span class='ocrx_word' id='word_1_129' title='bbox 666 2031 788 2092; x_wconf 87' lang='lat' dir='ltr'>terrena</span> <span class='ocrx_word' id='word_1_130' title='bbox 825 2032 1005 2109; x_wconf 87' lang='lat' dir='ltr'>praeponat.</span> <span class='ocrx_word' id='word_1_131' title='bbox 1045 2029 1189 2112; x_wconf 86' lang='lat' dir='ltr'>gigantes</span> <span class='ocrx_word' id='word_1_132' title='bbox 1228 2029 1310 2093; x_wconf 89' lang='lat' dir='ltr'>enirn</span> <span class='ocrx_word' id='word_1_133' title='bbox 1330 2053 1354 2095; x_wconf 66' lang='grc' dir='ltr'><strong>ω</strong></span> 
     </span>
     <span class='ocr_line' id='line_1_17' title="bbox 166 2134 1313 2219; baseline 0.002 -21"><span class='ocrx_word' id='word_1_134' title='bbox 166 2136 274 2200; x_wconf 88' lang='lat' dir='ltr'>fabula</span> <span class='ocrx_word' id='word_1_135' title='bbox 310 2135 504 2199; x_wconf 81' lang='lat' dir='ltr'>inducuntur</span> <span class='ocrx_word' id='word_1_136' title='bbox 542 2134 712 2199; x_wconf 87' lang='lat' dir='ltr'>aduersum</span> <span class='ocrx_word' id='word_1_137' title='bbox 750 2155 886 2217; x_wconf 88' lang='lat' dir='ltr'>superna</span> <span class='ocrx_word' id='word_1_138' title='bbox 923 2154 1062 2219; x_wconf 83' lang='lat' dir='ltr'>pugnare</span> <span class='ocrx_word' id='word_1_139' title='bbox 1100 2135 1244 2199; x_wconf 91' lang='lat' dir='ltr'>uoluisse</span> <span class='ocrx_word' id='word_1_140' title='bbox 1283 2140 1313 2200; x_wconf 89' lang='lat' dir='ltr'>et</span> 
     </span>
    </p>

    <p class='ocr_par' dir='ltr' id='par_1_4' title="bbox 80 2242 1391 3284">
     <span class='ocr_line' id='line_1_18' title="bbox 80 2242 1312 2324; baseline 0.001 -19"><span class='ocrx_word' id='word_1_141' title='bbox 80 2248 142 2312; x_wconf 83' lang='grc'>128</span> <span class='ocrx_word' id='word_1_142' title='bbox 167 2247 289 2306; x_wconf 88' lang='lat' dir='ltr'>terreno</span> <span class='ocrx_word' id='word_1_143' title='bbox 315 2262 447 2305; x_wconf 79' lang='lat' dir='ltr'>ascensu</span> <span class='ocrx_word' id='word_1_144' title='bbox 473 2242 705 2305; x_wconf 79' lang='lat' dir='ltr'>ascendendum</span> <span class='ocrx_word' id='word_1_145' title='bbox 730 2242 769 2305; x_wconf 95' lang='lat' dir='ltr'>ad</span> <span class='ocrx_word' id='word_1_146' title='bbox 793 2242 943 2305; x_wconf 84' lang='lat' dir='ltr'>caelestia</span> <span class='ocrx_word' id='word_1_147' title='bbox 965 2246 1167 2324; x_wconf 84' lang='lat' dir='ltr'>putauerunt.</span> <span class='ocrx_word' id='word_1_148' title='bbox 1201 2244 1312 2307; x_wconf 83' lang='lat' dir='ltr'>altiore</span> 
     </span>
     <span class='ocr_line' id='line_1_19' title="bbox 167 2348 1314 2434; baseline 0.001 -22"><span class='ocrx_word' id='word_1_149' title='bbox 167 2352 273 2412; x_wconf 90' lang='lat' dir='ltr'>autern</span> <span class='ocrx_word' id='word_1_150' title='bbox 311 2369 407 2414; x_wconf 90' lang='lat' dir='ltr'>seusu</span> <span class='ocrx_word' id='word_1_151' title='bbox 445 2348 523 2412; x_wconf 92' lang='lat' dir='ltr'>illud</span> <span class='ocrx_word' id='word_1_152' title='bbox 562 2349 768 2431; x_wconf 70' lang='lat' dir='ltr'>significatur,</span> <span class='ocrx_word' id='word_1_153' title='bbox 806 2348 889 2430; x_wconf 93' lang='lat' dir='ltr'>quod</span> <span class='ocrx_word' id='word_1_154' title='bbox 931 2350 984 2431; x_wconf 95' lang='lat' dir='ltr'>qui</span> <span class='ocrx_word' id='word_1_155' title='bbox 1027 2353 1164 2413; x_wconf 88' lang='lat' dir='ltr'>terrenas</span> <span class='ocrx_word' id='word_1_156' title='bbox 1208 2351 1314 2434; x_wconf 89' lang='lat' dir='ltr'>diligit</span> 
     </span>
     <span class='ocr_line' id='line_1_20' title="bbox 166 2455 1313 2540; baseline -0.002 -20"><span class='ocrx_word' id='word_1_157' title='bbox 166 2458 349 2539; x_wconf 84' lang='lat' dir='ltr'>uoluptates</span> <span class='ocrx_word' id='word_1_158' title='bbox 378 2460 410 2520; x_wconf 91' lang='lat' dir='ltr'>et</span> <span class='ocrx_word' id='word_1_159' title='bbox 438 2477 490 2520; x_wconf 90' lang='lat' dir='ltr'>eas</span> <span class='ocrx_word' id='word_1_160' title='bbox 520 2457 663 2540; x_wconf 81' lang='lat' dir='ltr'>sequitur</span> <span class='ocrx_word' id='word_1_161' title='bbox 687 2459 719 2519; x_wconf 91' lang='lat' dir='ltr'>et</span> <span class='ocrx_word' id='word_1_162' title='bbox 741 2458 834 2538; x_wconf 86' lang='lat' dir='ltr'>putat</span> <span class='ocrx_word' id='word_1_163' title='bbox 856 2455 906 2520; x_wconf 93' lang='lat' dir='ltr'>his</span> <span class='ocrx_word' id='word_1_164' title='bbox 931 2474 965 2518; x_wconf 88' lang='lat' dir='ltr'>se</span> <span class='ocrx_word' id='word_1_165' title='bbox 989 2475 1083 2538; x_wconf 85' lang='lat' dir='ltr'>posse</span> <span class='ocrx_word' id='word_1_166' title='bbox 1107 2455 1146 2519; x_wconf 90' lang='lat' dir='ltr'>ad</span> <span class='ocrx_word' id='word_1_167' title='bbox 1170 2455 1222 2519; x_wconf 93' lang='lat' dir='ltr'>dei</span> <span class='ocrx_word' id='word_1_168' title='bbox 1245 2475 1313 2539; x_wconf 86' lang='lat' dir='ltr'>gra-</span> 
     </span>
     <span class='ocr_line' id='line_1_21' title="bbox 167 2562 1391 2646; baseline -0.002 -21"><span class='ocrx_word' id='word_1_169' title='bbox 167 2565 242 2627; x_wconf 88' lang='lat' dir='ltr'>tiam</span> <span class='ocrx_word' id='word_1_170' title='bbox 269 2564 428 2644; x_wconf 89' lang='lat' dir='ltr'>peruenire</span> <span class='ocrx_word' id='word_1_171' title='bbox 453 2568 485 2626; x_wconf 88' lang='lat' dir='ltr'>et</span> <span class='ocrx_word' id='word_1_172' title='bbox 508 2583 639 2646; x_wconf 86' lang='lat' dir='ltr'>regnum</span> <span class='ocrx_word' id='word_1_173' title='bbox 670 2563 803 2627; x_wconf 84' lang='lat' dir='ltr'>caeleste</span> <span class='ocrx_word' id='word_1_174' title='bbox 832 2562 1016 2626; x_wconf 89' lang='lat' dir='ltr'>huiusmodi</span> <span class='ocrx_word' id='word_1_175' title='bbox 1044 2562 1200 2627; x_wconf 87' lang='lat' dir='ltr'>erroribus</span> <span class='ocrx_word' id='word_1_176' title='bbox 1230 2562 1391 2630; x_wconf 72' lang='lat' dir='ltr'>dele-2013</span> 
     </span>
     <span class='ocr_line' id='line_1_22' title="bbox 166 2669 1311 2750; baseline 0 -18"><span class='ocrx_word' id='word_1_177' title='bbox 166 2670 308 2744; x_wconf 77' lang='lat' dir='ltr'>rendum,</span> <span class='ocrx_word' id='word_1_178' title='bbox 337 2671 365 2733; x_wconf 89' lang='lat' dir='ltr'>is</span> <span class='ocrx_word' id='word_1_179' title='bbox 394 2670 562 2733; x_wconf 87' lang='lat' dir='ltr'>aduersum</span> <span class='ocrx_word' id='word_1_180' title='bbox 591 2670 740 2733; x_wconf 80' lang='lat' dir='ltr'>caelestia</span> <span class='ocrx_word' id='word_1_181' title='bbox 772 2669 950 2734; x_wconf 84' lang='lat' dir='ltr'>contumaci</span> <span class='ocrx_word' id='word_1_182' title='bbox 981 2669 1154 2750; x_wconf 86' lang='lat' dir='ltr'>proeliatur</span> <span class='ocrx_word' id='word_1_183' title='bbox 1186 2670 1311 2734; x_wconf 85' lang='lat' dir='ltr'>affeetu.</span> 
     </span>
     <span class='ocr_line' id='line_1_23' title="bbox 167 2775 1311 2859; baseline 0 -20"><span class='ocrx_word' id='word_1_184' title='bbox 167 2781 332 2859; x_wconf 89' lang='lat' dir='ltr'>propterea</span> <span class='ocrx_word' id='word_1_185' title='bbox 355 2776 384 2838; x_wconf 95' lang='lat' dir='ltr'>in</span> <span class='ocrx_word' id='word_1_186' title='bbox 409 2776 575 2857; x_wconf 86' lang='lat' dir='ltr'>prouerbio</span> <span class='ocrx_word' id='word_1_187' title='bbox 600 2780 649 2840; x_wconf 92' lang='lat' dir='ltr'>est</span> <span class='ocrx_word' id='word_1_188' title='bbox 673 2776 710 2840; x_wconf 89' lang='lat' dir='ltr'>de</span> <span class='ocrx_word' id='word_1_189' title='bbox 735 2796 770 2840; x_wconf 93' lang='lat' dir='ltr'>eo</span> <span class='ocrx_word' id='word_1_190' title='bbox 796 2776 848 2858; x_wconf 93' lang='lat' dir='ltr'>qui</span> <span class='ocrx_word' id='word_1_191' title='bbox 879 2776 1061 2857; x_wconf 87' lang='lat' dir='ltr'>deliquerit:</span> <span class='ocrx_word' id='word_1_192' title='bbox 1095 2777 1190 2840; x_wconf 87' lang='lat' dir='ltr'>‘siout</span> <span class='ocrx_word' id='word_1_193' title='bbox 1216 2775 1311 2840; x_wconf 91' lang='lat' dir='ltr'>Nem-</span> 
     </span>
     <span class='ocr_line' id='line_1_24' title="bbox 168 2882 1312 2966; baseline 0 -20"><span class='ocrx_word' id='word_1_194' title='bbox 168 2882 260 2946; x_wconf 84' lang='lat' dir='ltr'>hroth</span> <span class='ocrx_word' id='word_1_195' title='bbox 302 2883 414 2966; x_wconf 83' lang='lat' dir='ltr'>gigans</span> <span class='ocrx_word' id='word_1_196' title='bbox 455 2886 586 2947; x_wconf 90' lang='lat' dir='ltr'>uenator</span> <span class='ocrx_word' id='word_1_197' title='bbox 627 2886 698 2946; x_wconf 90' lang='lat' dir='ltr'>ante</span> <span class='ocrx_word' id='word_1_198' title='bbox 740 2883 855 2946; x_wconf 87' lang='lat' dir='ltr'>deurn&#39;.</span> <span class='ocrx_word' id='word_1_199' title='bbox 897 2883 1072 2948; x_wconf 87' lang='lat' dir='ltr'>Nembroth</span> <span class='ocrx_word' id='word_1_200' title='bbox 1114 2887 1221 2947; x_wconf 88' lang='lat' dir='ltr'>autem</span> <span class='ocrx_word' id='word_1_201' title='bbox 1257 2903 1312 2966; x_wconf 89' lang='lat' dir='ltr'>per</span> 
     </span>
     <span class='ocr_line' id='line_1_25' title="bbox 166 2989 1311 3072; baseline 0.001 -20"><span class='ocrx_word' id='word_1_202' title='bbox 166 2989 459 3072; x_wconf 85' lang='lat' dir='ltr'>interpretationem</span> <span class='ocrx_word' id='word_1_203' title='bbox 491 2989 645 3071; x_wconf 81' lang='lat' dir='ltr'>Aethiops</span> <span class='ocrx_word' id='word_1_204' title='bbox 679 2989 805 3053; x_wconf 84' lang='lat' dir='ltr'>dieitur.</span> <span class='ocrx_word' id='word_1_205' title='bbox 843 2991 929 3054; x_wconf 84' lang='lat' dir='ltr'>color</span> <span class='ocrx_word' id='word_1_206' title='bbox 961 2990 1129 3071; x_wconf 81' lang='lat' dir='ltr'>Aethiopis</span> <span class='ocrx_word' id='word_1_207' title='bbox 1166 2991 1311 3054; x_wconf 87' lang='lat' dir='ltr'>tenebras</span> 
     </span>
     <span class='ocr_line' id='line_1_26' title="bbox 168 3096 1361 3180; baseline 0.005 -21"><span class='ocrx_word' id='word_1_208' title='bbox 168 3097 288 3159; x_wconf 86' lang='lat' dir='ltr'>animae</span> <span class='ocrx_word' id='word_1_209' title='bbox 314 3096 554 3178; x_wconf 82' lang='lat' dir='ltr'>squaloremque</span> <span class='ocrx_word' id='word_1_210' title='bbox 575 3096 744 3180; x_wconf 85' lang='lat' dir='ltr'>significat,</span> <span class='ocrx_word' id='word_1_211' title='bbox 765 3096 818 3178; x_wconf 91' lang='lat' dir='ltr'>qui</span> <span class='ocrx_word' id='word_1_212' title='bbox 839 3096 992 3160; x_wconf 87' lang='lat' dir='ltr'>aduersus</span> <span class='ocrx_word' id='word_1_213' title='bbox 1011 3097 1123 3160; x_wconf 91' lang='lat' dir='ltr'>lumini</span> <span class='ocrx_word' id='word_1_214' title='bbox 1144 3100 1204 3172; x_wconf 86' lang='lat' dir='ltr'>est,</span> <span class='ocrx_word' id='word_1_215' title='bbox 1225 3096 1312 3160; x_wconf 85' lang='lat' dir='ltr'>clari·</span> <span class='ocrx_word' id='word_1_216' title='bbox 1332 3126 1361 3164; x_wconf 76' lang='lat' dir='ltr'>aa</span> 
     </span>
     <span class='ocr_line' id='line_1_27' title="bbox 168 3203 1312 3284; baseline 0.001 -18"><span class='ocrx_word' id='word_1_217' title='bbox 168 3203 243 3266; x_wconf 85' lang='lat' dir='ltr'>tatis</span> <span class='ocrx_word' id='word_1_218' title='bbox 261 3222 377 3281; x_wconf 78' lang='lat' dir='ltr'>exsors,</span> <span class='ocrx_word' id='word_1_219' title='bbox 396 3203 533 3267; x_wconf 89' lang='lat' dir='ltr'>tenebris</span> <span class='ocrx_word' id='word_1_220' title='bbox 552 3204 729 3280; x_wconf 83' lang='lat' dir='ltr'>inuolatus,</span> <span class='ocrx_word' id='word_1_221' title='bbox 753 3203 837 3267; x_wconf 86' lang='lat' dir='ltr'>nocti</span> <span class='ocrx_word' id='word_1_222' title='bbox 859 3203 993 3267; x_wconf 90' lang='lat' dir='ltr'>similior</span> <span class='ocrx_word' id='word_1_223' title='bbox 1011 3222 1105 3284; x_wconf 89' lang='lat' dir='ltr'>quarn</span> <span class='ocrx_word' id='word_1_224' title='bbox 1126 3203 1199 3267; x_wconf 90' lang='lat' dir='ltr'>diei.</span> <span class='ocrx_word' id='word_1_225' title='bbox 1220 3223 1312 3267; x_wconf 89' lang='lat' dir='ltr'>uena-</span> 
     </span>
    </p>
   </div>
   <div class='ocr_carea' id='block_1_3' title="bbox 170 3410 1311 3570">
    <p class='ocr_par' dir='ltr' id='par_1_5' title="bbox 170 3410 1311 3570">
     <span class='ocr_line' id='line_1_28' title="bbox 259 3410 1311 3480; baseline -0.002 -15"><span class='ocrx_word' id='word_1_226' title='bbox 259 3413 271 3465; x_wconf 89' lang='lat'>1</span> <span class='ocrx_word' id='word_1_227' title='bbox 293 3411 359 3467; x_wconf 91' lang='lat' dir='ltr'>Gen.</span> <span class='ocrx_word' id='word_1_228' title='bbox 380 3413 422 3474; x_wconf 86' lang='lat'>10,</span> <span class='ocrx_word' id='word_1_229' title='bbox 442 3412 458 3464; x_wconf 88' lang='grc'><strong>6</strong></span> <span class='ocrx_word' id='word_1_230' title='bbox 477 3428 516 3480; x_wconf 84' lang='lat' dir='ltr'>sq.</span> <span class='ocrx_word' id='word_1_231' title='bbox 536 3410 616 3464; x_wconf 90' lang='lat' dir='ltr'>Philo</span> <span class='ocrx_word' id='word_1_232' title='bbox 637 3410 747 3475; x_wconf 84' lang='lat' dir='ltr'>Quaest.</span> <span class='ocrx_word' id='word_1_233' title='bbox 767 3411 846 3464; x_wconf 73' lang='lat'>1181</span> <span class='ocrx_word' id='word_1_234' title='bbox 917 3413 931 3464; x_wconf 84' lang='lat' dir='ltr'>‘i</span> <span class='ocrx_word' id='word_1_235' title='bbox 951 3411 1049 3468; x_wconf 88' lang='lat' dir='ltr'>Psalm.</span> <span class='ocrx_word' id='word_1_236' title='bbox 1070 3412 1118 3465; x_wconf 82' lang='lat'>14</span> <span class='ocrx_word' id='word_1_237' title='bbox 1194 3413 1226 3466; x_wconf 83' lang='lat'>12</span> <span class='ocrx_word' id='word_1_238' title='bbox 1245 3411 1311 3466; x_wconf 88' lang='lat' dir='ltr'>Gen.</span> 
     </span>
     <span class='ocr_line' id='line_1_29' title="bbox 170 3499 637 3570; baseline -0.006 -15"><span class='ocrx_word' id='word_1_239' title='bbox 170 3502 209 3565; x_wconf 90' lang='lat'>10,</span> <span class='ocrx_word' id='word_1_240' title='bbox 230 3501 246 3554; x_wconf 83' lang='lat'>8</span> <span class='ocrx_word' id='word_1_241' title='bbox 265 3518 305 3570; x_wconf 89' lang='lat' dir='ltr'>sq.</span> <span class='ocrx_word' id='word_1_242' title='bbox 325 3501 403 3554; x_wconf 88' lang='lat' dir='ltr'>l&#39;hilo</span> <span class='ocrx_word' id='word_1_243' title='bbox 424 3501 535 3566; x_wconf 83' lang='lat' dir='ltr'>Quaest.</span> <span class='ocrx_word' id='word_1_244' title='bbox 556 3499 637 3553; x_wconf 81' lang='lat'>1182</span> 
     </span>
    </p>
   </div>
   <div class='ocr_carea' id='block_1_4' title="bbox 167 3624 1315 4319">
    <p class='ocr_par' dir='ltr' id='par_1_6' title="bbox 167 3624 1315 4319">
     <span class='ocr_line' id='line_1_30' title="bbox 206 3624 1312 3696; baseline 0.003 -19"><span class='ocrx_word' id='word_1_245' title='bbox 206 3625 218 3677; x_wconf 98' lang='lat' dir='ltr'>l</span> <span class='ocrx_word' id='word_1_246' title='bbox 239 3624 325 3678; x_wconf 83' lang='lat' dir='ltr'>Churn</span> <span class='ocrx_word' id='word_1_247' title='bbox 343 3625 443 3692; x_wconf 78' lang='lat' dir='ltr'>scripsi</span> <span class='ocrx_word' id='word_1_248' title='bbox 462 3631 493 3690; x_wconf 75' lang='lat' dir='ltr'>qu</span> <span class='ocrx_word' id='word_1_249' title='bbox 507 3625 533 3676; x_wconf 92' lang='lat' dir='ltr'><em>P</em></span> <span class='ocrx_word' id='word_1_250' title='bbox 554 3624 616 3689; x_wconf 77' lang='lat' dir='ltr'>(dal.</span> <span class='ocrx_word' id='word_1_251' title='bbox 636 3625 696 3693; x_wconf 77' lang='lat' dir='ltr'>nai),</span> <span class='ocrx_word' id='word_1_252' title='bbox 716 3639 765 3677; x_wconf 87' lang='lat' dir='ltr'>om.</span> <span class='ocrx_word' id='word_1_253' title='bbox 786 3629 833 3677; x_wconf 85' lang='lat' dir='ltr'>cet.</span> <span class='ocrx_word' id='word_1_254' title='bbox 872 3625 989 3679; x_wconf 77' lang='lat' dir='ltr'>afuisse</span> <span class='ocrx_word' id='word_1_255' title='bbox 1009 3626 1142 3696; x_wconf 85' lang='lat' dir='ltr'>scriptura</span> <span class='ocrx_word' id='word_1_256' title='bbox 1156 3626 1182 3678; x_wconf 93' lang='grc' dir='ltr'><strong><em>Β</em></strong></span> <span class='ocrx_word' id='word_1_257' title='bbox 1219 3627 1312 3696; x_wconf 84' lang='lat' dir='ltr'>8pro·</span> 
     </span>
     <span class='ocr_line' id='line_1_31' title="bbox 167 3713 1315 3785; baseline 0.002 -18"><span class='ocrx_word' id='word_1_258' title='bbox 167 3714 232 3767; x_wconf 86' lang='lat' dir='ltr'>iecit</span> <span class='ocrx_word' id='word_1_259' title='bbox 244 3715 272 3766; x_wconf 89' lang='lat' dir='ltr'><strong><em>P</em></strong></span> <span class='ocrx_word' id='word_1_260' title='bbox 324 3716 340 3768; x_wconf 86' lang='grc'><strong>9</strong></span> <span class='ocrx_word' id='word_1_261' title='bbox 360 3715 484 3767; x_wconf 85' lang='lat' dir='ltr'>altiorem</span> <span class='ocrx_word' id='word_1_262' title='bbox 503 3731 554 3768; x_wconf 72' lang='lat' dir='ltr'>oria.</span> <span class='ocrx_word' id='word_1_263' title='bbox 570 3713 602 3765; x_wconf 93' lang='lat' dir='ltr'><em>N</em></span> <span class='ocrx_word' id='word_1_264' title='bbox 655 3713 686 3766; x_wconf 95' lang='lat' dir='ltr'>ll</span> <span class='ocrx_word' id='word_1_265' title='bbox 707 3714 849 3768; x_wconf 88' lang='lat' dir='ltr'>nembroth</span> <span class='ocrx_word' id='word_1_266' title='bbox 868 3716 894 3768; x_wconf 95' lang='grc' dir='ltr'><strong><em>Β</em></strong></span> <span class='ocrx_word' id='word_1_267' title='bbox 914 3716 940 3785; x_wconf 87' lang='lat' dir='ltr'>(b</span> <span class='ocrx_word' id='word_1_268' title='bbox 959 3733 980 3769; x_wconf 85' lang='lat' dir='ltr'>e.</span> <span class='ocrx_word' id='word_1_269' title='bbox 999 3732 1026 3769; x_wconf 82' lang='lat' dir='ltr'>u.</span> <span class='ocrx_word' id='word_1_270' title='bbox 1046 3720 1102 3781; x_wconf 75' lang='lat' dir='ltr'>m2)</span> <span class='ocrx_word' id='word_1_271' title='bbox 1123 3716 1240 3770; x_wconf 86' lang='lat' dir='ltr'>nebroth</span> <span class='ocrx_word' id='word_1_272' title='bbox 1257 3716 1315 3769; x_wconf 81' lang='lat' dir='ltr'>CM</span> 
     </span>
     <span class='ocr_line' id='line_1_32' title="bbox 170 3802 1311 3874; baseline 0.002 -19"><span class='ocrx_word' id='word_1_273' title='bbox 170 3805 201 3856; x_wconf 88' lang='lat'>13</span> <span class='ocrx_word' id='word_1_274' title='bbox 220 3802 337 3856; x_wconf 90' lang='lat' dir='ltr'>nebroth</span> <span class='ocrx_word' id='word_1_275' title='bbox 358 3803 417 3855; x_wconf 79' lang='lat' dir='ltr'>PC</span> <span class='ocrx_word' id='word_1_276' title='bbox 433 3802 549 3855; x_wconf 87' lang='lat' dir='ltr'>nebroth</span> <span class='ocrx_word' id='word_1_277' title='bbox 568 3803 595 3855; x_wconf 98' lang='grc' dir='ltr'><strong><em>Β</em></strong></span> <span class='ocrx_word' id='word_1_278' title='bbox 615 3803 642 3866; x_wconf 95' lang='lat' dir='ltr'>(b</span> <span class='ocrx_word' id='word_1_279' title='bbox 661 3819 682 3858; x_wconf 78' lang='lat' dir='ltr'>a.</span> <span class='ocrx_word' id='word_1_280' title='bbox 701 3820 728 3855; x_wconf 81' lang='lat' dir='ltr'>u.</span> <span class='ocrx_word' id='word_1_281' title='bbox 748 3806 804 3869; x_wconf 81' lang='lat' dir='ltr'>m2)</span> <span class='ocrx_word' id='word_1_282' title='bbox 863 3806 895 3858; x_wconf 84' lang='lat'>13</span> <span class='ocrx_word' id='word_1_283' title='bbox 914 3810 939 3858; x_wconf 85' lang='lat' dir='ltr'>et</span> <span class='ocrx_word' id='word_1_284' title='bbox 957 3806 991 3858; x_wconf 80' lang='lat'>23</span> <span class='ocrx_word' id='word_1_285' title='bbox 1010 3806 1107 3874; x_wconf 82' lang='lat' dir='ltr'>gigans</span> <span class='ocrx_word' id='word_1_286' title='bbox 1126 3805 1155 3858; x_wconf 94' lang='lat' dir='ltr'><strong><em>P</em></strong></span> <span class='ocrx_word' id='word_1_287' title='bbox 1171 3805 1250 3874; x_wconf 86' lang='lat' dir='ltr'>gigas</span> <span class='ocrx_word' id='word_1_288' title='bbox 1265 3813 1311 3859; x_wconf 82' lang='lat' dir='ltr'>cet.</span> 
     </span>
     <span class='ocr_line' id='line_1_33' title="bbox 170 3891 1313 3963; baseline 0.002 -18"><span class='ocrx_word' id='word_1_289' title='bbox 170 3894 201 3946; x_wconf 90' lang='grc'>16</span> <span class='ocrx_word' id='word_1_290' title='bbox 222 3891 330 3945; x_wconf 81' lang='lat' dir='ltr'>fabulae</span> <span class='ocrx_word' id='word_1_291' title='bbox 349 3892 376 3945; x_wconf 91' lang='lat' dir='ltr'><em>P</em></span> <span class='ocrx_word' id='word_1_292' title='bbox 398 3897 440 3953; x_wconf 82' lang='lat' dir='ltr'>(ao</span> <span class='ocrx_word' id='word_1_293' title='bbox 464 3908 497 3945; x_wconf 81' lang='lat' dir='ltr'>aar</span> <span class='ocrx_word' id='word_1_294' title='bbox 520 3896 546 3958; x_wconf 83' lang='lat' dir='ltr'>a)</span> <span class='ocrx_word' id='word_1_295' title='bbox 575 3891 696 3944; x_wconf 82' lang='lat' dir='ltr'><strong><em>T‘BCM</em></strong></span> <span class='ocrx_word' id='word_1_296' title='bbox 718 3898 742 3945; x_wconf 84' lang='lat' dir='ltr'>el</span> <span class='ocrx_word' id='word_1_297' title='bbox 766 3893 808 3956; x_wconf 78' lang='lat' dir='ltr'>(in</span> <span class='ocrx_word' id='word_1_298' title='bbox 830 3894 929 3962; x_wconf 80' lang='lat' dir='ltr'>quibus</span> <span class='ocrx_word' id='word_1_299' title='bbox 947 3895 1014 3947; x_wconf 82' lang='lat' dir='ltr'>hoec</span> <span class='ocrx_word' id='word_1_300' title='bbox 1033 3895 1173 3963; x_wconf 72' lang='lat' dir='ltr'>leguntur:</span> <span class='ocrx_word' id='word_1_301' title='bbox 1193 3894 1313 3948; x_wconf 84' lang='lat' dir='ltr'>noluisse</span> 
     </span>
     <span class='ocr_line' id='line_1_34' title="bbox 167 3969 1312 4053; baseline 0.003 -20"><span class='ocrx_word' id='word_1_302' title='bbox 167 3997 288 4049; x_wconf 90' lang='lat' dir='ltr'>pugnare</span> <span class='ocrx_word' id='word_1_303' title='bbox 307 3979 449 4033; x_wconf 86' lang='lat' dir='ltr'>aduersum</span> <span class='ocrx_word' id='word_1_304' title='bbox 468 3997 585 4049; x_wconf 86' lang='lat' dir='ltr'>superna</span> <span class='ocrx_word' id='word_1_305' title='bbox 602 3980 710 4034; x_wconf 86' lang='lat' dir='ltr'>fabulae</span> <span class='ocrx_word' id='word_1_306' title='bbox 730 3980 872 4047; x_wconf 80' lang='lat' dir='ltr'>inducunt)</span> <span class='ocrx_word' id='word_1_307' title='bbox 891 3982 951 4036; x_wconf 90' lang='lat' dir='ltr'>DN</span> <span class='ocrx_word' id='word_1_308' title='bbox 1004 3969 1140 4037; x_wconf 77' lang='lat' dir='ltr'>inducuni</span> <span class='ocrx_word' id='word_1_309' title='bbox 1151 3984 1178 4037; x_wconf 89' lang='lat' dir='ltr'><em>P</em></span> <span class='ocrx_word' id='word_1_310' title='bbox 1197 3983 1312 4053; x_wconf 60' lang='grc' dir='ltr'>(εγω.)</span> 
     </span>
     <span class='ocr_line' id='line_1_35' title="bbox 167 4069 1312 4140; baseline 0.003 -18"><span class='ocrx_word' id='word_1_311' title='bbox 167 4069 300 4122; x_wconf 73' lang='lat' dir='ltr'>inducunt</span> <span class='ocrx_word' id='word_1_312' title='bbox 319 4073 366 4122; x_wconf 83' lang='lat' dir='ltr'>cel.</span> <span class='ocrx_word' id='word_1_313' title='bbox 428 4069 460 4122; x_wconf 89' lang='lat'>18</span> <span class='ocrx_word' id='word_1_314' title='bbox 480 4072 600 4123; x_wconf 86' lang='lat' dir='ltr'>terrenas</span> <span class='ocrx_word' id='word_1_315' title='bbox 619 4070 774 4139; x_wconf 87' lang='lat' dir='ltr'>uoluptates</span> <span class='ocrx_word' id='word_1_316' title='bbox 793 4071 915 4140; x_wconf 86' lang='lat' dir='ltr'>sequitur</span> <span class='ocrx_word' id='word_1_317' title='bbox 934 4074 962 4125; x_wconf 87' lang='lat' dir='ltr'>et</span> <span class='ocrx_word' id='word_1_318' title='bbox 981 4089 1027 4125; x_wconf 85' lang='lat' dir='ltr'>eas</span> <span class='ocrx_word' id='word_1_319' title='bbox 1046 4071 1138 4140; x_wconf 84' lang='lat' dir='ltr'>diligit</span> <span class='ocrx_word' id='word_1_320' title='bbox 1152 4073 1179 4124; x_wconf 93' lang='grc' dir='ltr'><strong><em>Β</em></strong></span> <span class='ocrx_word' id='word_1_321' title='bbox 1236 4073 1269 4125; x_wconf 87' lang='grc'>19</span> <span class='ocrx_word' id='word_1_322' title='bbox 1283 4088 1312 4125; x_wconf 85' lang='lat' dir='ltr'>se</span> 
     </span>
     <span class='ocr_line' id='line_1_36' title="bbox 167 4158 1312 4231; baseline 0.004 -21"><span class='ocrx_word' id='word_1_323' title='bbox 167 4176 245 4227; x_wconf 83' lang='lat' dir='ltr'>posse</span> <span class='ocrx_word' id='word_1_324' title='bbox 259 4158 302 4210; x_wconf 87' lang='lat' dir='ltr'>his</span> <span class='ocrx_word' id='word_1_325' title='bbox 317 4158 344 4210; x_wconf 98' lang='grc' dir='ltr'><strong><em>Β</em></strong></span> <span class='ocrx_word' id='word_1_326' title='bbox 398 4159 429 4211; x_wconf 87' lang='grc'>21</span> <span class='ocrx_word' id='word_1_327' title='bbox 447 4162 622 4222; x_wconf 70' lang='lat' dir='ltr'>contumarae</span> <span class='ocrx_word' id='word_1_328' title='bbox 637 4159 664 4211; x_wconf 88' lang='lat' dir='ltr'><em>P</em></span> <span class='ocrx_word' id='word_1_329' title='bbox 678 4159 714 4224; x_wconf 86' lang='lat' dir='ltr'>(ei</span> <span class='ocrx_word' id='word_1_330' title='bbox 727 4163 775 4212; x_wconf 80' lang='lat' dir='ltr'>m2</span> <span class='ocrx_word' id='word_1_331' title='bbox 787 4177 808 4213; x_wconf 80' lang='lat' dir='ltr'>s.</span> <span class='ocrx_word' id='word_1_332' title='bbox 823 4176 871 4230; x_wconf 76' lang='lat' dir='ltr'>nae</span> <span class='ocrx_word' id='word_1_333' title='bbox 886 4160 948 4227; x_wconf 87' lang='lat' dir='ltr'>del.)</span> <span class='ocrx_word' id='word_1_334' title='bbox 984 4177 986 4182; x_wconf 90' lang='lat'><em>·</em></span> <span class='ocrx_word' id='word_1_335' title='bbox 1004 4161 1152 4231; x_wconf 83' lang='lat' dir='ltr'>praeliator</span> <span class='ocrx_word' id='word_1_336' title='bbox 1165 4161 1192 4214; x_wconf 90' lang='lat' dir='ltr'><em>P</em></span> <span class='ocrx_word' id='word_1_337' title='bbox 1207 4166 1233 4227; x_wconf 83' lang='lat' dir='ltr'>(v</span> <span class='ocrx_word' id='word_1_338' title='bbox 1248 4177 1270 4215; x_wconf 83' lang='lat' dir='ltr'>e.</span> <span class='ocrx_word' id='word_1_339' title='bbox 1286 4162 1312 4230; x_wconf 91' lang='lat' dir='ltr'>o)</span> 
     </span>
     <span class='ocr_line' id='line_1_37' title="bbox 168 4246 1185 4319; baseline 0.005 -21"><span class='ocrx_word' id='word_1_340' title='bbox 168 4246 316 4316; x_wconf 87' lang='lat' dir='ltr'>praeliatur</span> <span class='ocrx_word' id='word_1_341' title='bbox 334 4252 382 4299; x_wconf 84' lang='lat' dir='ltr'>oet.</span> <span class='ocrx_word' id='word_1_342' title='bbox 463 4247 497 4299; x_wconf 78' lang='lat'>‘22</span> <span class='ocrx_word' id='word_1_343' title='bbox 516 4263 554 4314; x_wconf 82' lang='lat' dir='ltr'>eq.</span> <span class='ocrx_word' id='word_1_344' title='bbox 575 4246 688 4301; x_wconf 90' lang='lat' dir='ltr'>nebroth</span> <span class='ocrx_word' id='word_1_345' title='bbox 712 4248 768 4301; x_wconf 80' lang='lat' dir='ltr'>CM</span> <span class='ocrx_word' id='word_1_346' title='bbox 785 4249 928 4303; x_wconf 84' lang='lat' dir='ltr'>nembroth</span> <span class='ocrx_word' id='word_1_347' title='bbox 946 4249 973 4319; x_wconf 91' lang='lat' dir='ltr'>(b</span> <span class='ocrx_word' id='word_1_348' title='bbox 992 4266 1012 4303; x_wconf 83' lang='lat' dir='ltr'>e.</span> <span class='ocrx_word' id='word_1_349' title='bbox 1033 4267 1060 4303; x_wconf 81' lang='lat' dir='ltr'>u.</span> <span class='ocrx_word' id='word_1_350' title='bbox 1079 4252 1135 4316; x_wconf 75' lang='lat' dir='ltr'>m2)</span> <span class='ocrx_word' id='word_1_351' title='bbox 1157 4250 1185 4303; x_wconf 95' lang='grc' dir='ltr'><strong><em>Β</em></strong></span> 
     </span>
    </p>
   </div>
   <div class='ocr_carea' id='block_1_5' title="bbox 0 0 1433 4822">
    <p class='ocr_par' dir='ltr' id='par_1_7' title="bbox 0 0 1433 4822">
     <span class='ocr_line' id='line_1_38' title="bbox 0 0 1433 4822; baseline 0 0"><span class='ocrx_word' id='word_1_352' title='bbox 0 0 1433 4822; x_wconf 95' lang='lat' dir='ltr'> </span> 
     </span>
    </p>
   </div>
  </div>
 </body>
</html>
