2836 4822
289 362 331 415 De
350 363 411 417 Noe
429 363 473 418 30.
492 364 537 428 31,
559 364 699 419 113-116
737 366 761 431 (I
781 366 833 419 273
853 364 964 421 c-274
983 365 1024 434 Ε).
1179 369 1241 433 491

95 558 272 644 improbus,
297 560 447 642 quoniam
469 559 539 641 ipse
563 559 676 624 deuius
697 559 884 642 disciplinae
904 565 963 639 est,
983 561 1115 627 aliorum
1135 564 1344 645 lapsuram

95 686 157 734 uon
191 668 295 733 solum
329 686 386 750 pro
419 667 471 732 sui
503 669 616 733 erroris
650 667 766 732 solacio
800 668 925 750 accipit,
959 669 1044 750 qnod
1081 674 1244 733 consortes

94 774 255 839 inuenerit
278 775 400 856 eulpae,
425 780 536 839 uerum
561 775 656 839 etiam
680 775 824 857 improbo
847 775 985 840 laetatur
1011 776 1137 852 affeetu,
1166 782 1246 841 tam-

96 900 192 963 quam
225 901 284 946 sua
315 882 384 964 ipse
416 881 533 947 delicta
565 882 742 946 eomererit.
777 882 859 946 mnia
889 902 978 947 mens
1007 902 1081 967 ergo
1109 884 1247 948 laetatur

67 994 220 1072 epraeter
241 990 441 1073 propositum
466 989 586 1072 aliquid
610 990 764 1054 accidisse
788 991 934 1073 sapienti,
959 1010 1032 1054 eum
1051 991 1161 1072 ntique
1181 1010 1246 1055 eor-

95 1097 183 1179 poris
205 1096 317 1179 lapsus
339 1097 372 1160 iu
397 1096 477 1162 uitio
503 1115 573 1161 esse
597 1116 658 1161 non
682 1096 805 1171 debeat,
830 1097 956 1161 etiamsi
975 1099 1085 1179 lapsus
1104 1100 1245 1179 putetur,

96 1203 157 1268 nisi
186 1204 312 1267 animus
340 1222 465 1286 quoque
493 1204 624 1267 inclinet
651 1204 682 1267 in
712 1204 848 1286 eulpam.
882 1208 1041 1287 postremo
1075 1204 1246 1269 ueniabilia

95 1309 280 1375 huiusmodi
325 1311 507 1375 iudicentur
546 1314 656 1388 errata,
699 1330 758 1374 non
801 1311 873 1375 odio
914 1312 1141 1394 persequenda,
1183 1320 1293 1375 nouB

95 1417 241 1483 habenda
268 1416 417 1492 ludibrio,
447 1417 502 1482 sed
525 1438 627 1495 meus,
651 1421 689 1481 ut
711 1417 784 1495 dixi,
809 1418 962 1500 improba,
987 1439 1060 1482 eum
1085 1419 1176 1501 putat
1200 1436 1245 1481 er·

50 1543 77 1583 1⁰
95 1544 184 1589 rasse
213 1525 400 1606 sapientem,
427 1525 647 1588 insultandum
676 1525 848 1589 arbitratur
875 1526 902 1589 ei
936 1526 1027 1589 ouius
1060 1525 1121 1589 sibi
1153 1527 1247 1606 putat

94 1650 201 1697 mores
234 1650 306 1696 esse
339 1631 522 1709 contrarios,
561 1631 646 1713 quod
682 1638 848 1714 peceatum
887 1652 981 1697 suuni
1020 1634 1112 1696 uelut
1147 1630 1245 1695 tacito

97 1738 235 1821 quodam
273 1737 425 1820 sapientis
461 1738 645 1801 testimonio
679 1738 896 1821 redarguatur,
931 1757 1031 1820 eoque
1063 1736 1245 1801 laetandum

97 1845 170 1922 sibi,
195 1844 280 1926 quod
303 1845 389 1908 iusto
413 1845 482 1909 uiro
507 1864 564 1909 neo
589 1845 724 1909 eruditio
749 1845 852 1927 ipsius
872 1846 1026 1928 profuerit
1044 1863 1102 1907 nec
1121 1842 1246 1906 iustitia

96 1952 271 2035 suffragata
298 1952 341 2015 sit
368 1971 424 2016 neo
453 1971 489 2015 ea
517 1971 597 2033 quae
626 1952 798 2016 seeundum
830 1971 944 2035 corpus
973 1956 1047 2015 sunt
1079 1949 1247 2013 habuerint

50 2077 78 2116 ιε
97 2076 264 2141 prosperos
288 2078 412 2123 cursus.
436 2059 512 2123 haee
536 2059 618 2123 eninr
643 2078 698 2141 pro
719 2059 853 2123 sunrmis
872 2059 962 2122 bonis
983 2057 1066 2139 apud
1085 2056 1245 2139 improbos

97 2165 307 2230 aestimantur
328 2165 360 2229 in
385 2165 508 2229 diuitiis
532 2169 588 2228 urrt
610 2166 727 2230 honore
751 2165 867 2247 posita,
893 2183 971 2245 quae
996 2169 1101 2227 tamen
1121 2162 1244 2225 uullnnr
1273 2166 1294 2222 C

97 2272 239 2336 fructum
263 2272 303 2336 ad
324 2272 453 2335 laudem
480 2272 612 2336 uirtutis
642 2273 817 2338 conferunt.
850 2274 1016 2353 propterea
1044 2269 1245 2350 insipientiae

98 2378 281 2443 defensores
318 2379 468 2444 uidentur
504 2380 607 2461 (qui)
645 2378 775 2443 uirtutis
813 2381 985 2442 amatorem
1022 2394 1245 2458 prosperorum

98 2504 228 2550 munere
252 2505 321 2550 esse
344 2485 536 2563 fraudatum,
562 2486 615 2567 qui
641 2506 730 2550 ornue
755 2485 872 2548 bonum
892 2483 1122 2565 temporalibus
1141 2482 1244 2566 magis

49 2614 80 2654 ao
98 2614 193 2677 quarn
217 2595 378 2677 perpetuis
403 2594 632 2658 aestimandum
658 2598 780 2676 putant.

144 2701 228 2781 Quid
252 2704 302 2765 est
326 2701 411 2783 quod
435 2700 522 2765 Sem
547 2704 586 2764 et
609 2701 781 2783 iapheth
806 2700 1101 2764 uestimentum
1125 2698 1245 2780 impo-
1272 2702 1296 2755 D

99 2811 273 2874 suerunt
295 2826 418 2890 supra
440 2827 599 2872 umeros
624 2827 719 2872 suos
745 2812 783 2872 et
806 2810 1073 2889 perrexerunt
1100 2809 1244 2869 retror·

98 2934 184 2980 sum
209 2920 247 2979 et
271 2919 523 2997 operuerunt
548 2916 692 2978 nudum
716 2918 871 2996 patrem
897 2919 936 2978 et
959 2934 1031 2978 nou
1052 2911 1246 2976 uiderunt

98 3021 362 3087 nudationem
405 3021 516 3085 eius?
557 3022 666 3086 littera
707 3022 887 3085 euidentem
924 3020 1053 3104 pietatis
1091 3018 1246 3100 expressit

50 3128 258 3205 annectam,
282 3128 367 3209 quod
390 3128 545 3193 nudatum
569 3129 686 3193 amictu
712 3132 833 3211 patrem
858 3128 932 3192 boni
951 3127 1009 3190 filii
1028 3126 1136 3190 uidere
1156 3144 1245 3188 caue·
1272 3129 1294 3183 Β

96 3238 182 3314 runt,
206 3253 245 3299 ne
267 3238 396 3317 paterna
415 3236 592 3299 reuerentia
613 3236 663 3299 uel
683 3236 753 3318 ipso
774 3235 968 3298 minueretur
987 3236 1129 3316 aspectu,
1150 3232 1246 3313 siqui·

99 3340 169 3406 dem
203 3341 298 3407 etiam
331 3342 429 3407 tacito
464 3343 557 3406 uultu
594 3342 696 3423 pietas
734 3342 911 3423 frequenter
948 3339 1126 3404 offenditur.
1164 3337 1246 3401 nude

187 3586 219 3639 21
242 3586 308 3640 Gen.
329 3589 353 3651 9,
373 3589 407 3641 23
426 3587 505 3640 Philo
526 3585 636 3653 Quaest.
656 3586 683 3640 11
703 3588 737 3640 72

134 3743 211 3796 lost
229 3742 388 3812 disciplinae
407 3743 441 3795 M
491 3742 626 3796 2soletio
646 3742 712 3795 latori
759 3743 897 3796 4delietn
917 3748 944 3807 (a
962 3760 994 3796 er
1013 3748 1041 3805 oi
1060 3743 1088 3795 P
1140 3744 1245 3799 53οοί-

98 3830 178 3885 diss&
197 3832 224 3885 P
243 3837 323 3896 (corr.
342 3837 400 3898 m2)
422 3832 481 3885 CM
568 3833 718 3886 7ineliuot
735 3833 813 3885 Pml
832 3833 978 3886 inclinetur
996 3833 1078 3886 Pme
1096 3840 1144 3887 cet.
1218 3834 1246 3886 in

98 3920 188 3974 PT‘B
207 3920 241 3973 ad
261 3928 308 3975 oet.
372 3921 594 3991 &prosequendo
612 3921 733 3975 DXCM
792 3921 825 3974 10
843 3938 931 3974 mores
951 3926 1031 3991 putat
1048 3923 1076 3975 B
1132 3923 1164 3976 13
1183 3939 1246 3992 pro·

99 4009 180 4063 fuerit
197 4012 257 4080 (pro
276 4030 297 4063 e.
316 4014 355 4078 u.)
375 4011 402 4064 P
471 4011 503 4065 18
522 4010 646 4073 sidentur
663 4011 690 4063 P
709 4016 737 4073 (u
755 4027 776 4064 e.
797 4028 809 4073 s
830 4015 885 4074 2112)
906 4010 1033 4065 uidentur
1055 4012 1086 4063 T‘
1105 4016 1135 4081 (u
1150 4028 1195 4080 pr.
1216 4012 1247 4064 in

98 4103 167 4165 rna.)
277 4098 446 4166 quierntne
536 4100 567 4152 21
594 4098 706 4166 iapheth
725 4098 753 4151 P
775 4097 861 4151 iafeth
884 4098 915 4151 T‘
941 4099 1009 4152 iufet
1026 4099 1063 4152 M
1085 4100 1180 4167 iaplret
1198 4105 1245 4153 cet.

97 4188 133 4241 22
151 4203 232 4256 super
250 4188 283 4241 N
351 4187 477 4241 humeros
495 4187 561 4242 lieri
611 4189 645 4241 25
664 4188 793 4241 amictant
807 4188 836 4240 P
853 4190 890 4255 (m
906 4188 955 4242 ult.
969 4191 1052 4251 orus.)
1107 4189 1140 4241 27
1160 4188 1245 4241 tacito

97 4276 177 4331 uultu
198 4277 281 4330 etiarn
301 4278 328 4330 B
