2836 4822
171 337 237 400 424
648 335 844 389 Ambrosii

95 526 136 588 15
171 530 216 594 ibi
236 549 318 594 nunc
338 531 467 595 decorae
489 530 646 595 castitatis
666 531 821 597 adolescit
844 531 1013 596 hereditas.
1037 532 1195 604 inlinies
1219 531 1327 612 inquit

172 656 249 701 eam
279 637 479 701 bitumine.
509 657 544 701 er
573 638 683 703 mnltis
709 639 835 703 ossibus
860 638 1029 720 neruisque
1054 643 1087 703 et
1110 639 1226 704 ceteris
1251 639 1325 703 aliis

171 747 297 808 constat
320 744 494 809 humanum
516 764 641 827 corpus.
667 748 703 809 et
716 746 793 809 foris
812 745 912 829 igitur
931 749 963 809 ct
980 745 1068 810 intus
1088 749 1162 828 apta
1182 765 1325 829 conpage

170 868 325 914 conexum
345 850 406 915 sibi
425 851 576 915 adhaeret
595 854 627 914 et
645 851 833 916 habitudine
852 852 987 935 propria,
1008 871 1101 933 quam
1125 847 1183 922 ἕξιν
1208 850 1323 916 Graeci
1401 871 1404 875 ’

170 957 294 1034 dicunt,
320 960 457 1035 tenetur,
486 962 523 1022 ut
551 959 638 1023 intus
667 958 796 1023 clausus
824 959 957 1042 spiritus
986 959 1040 1041 qni
1067 958 1247 1022 infunditur
1268 960 1321 1022 uel
1351 978 1362 1016 s

171 1063 325 1146 spiritalis
353 1064 535 1129 substantia
563 1084 642 1147 quae
671 1068 758 1130 intus
787 1070 935 1148 operatur
961 1065 1064 1129 ueluti
1088 1064 1224 1149 geminis
1249 1083 1321 1129 con·
1383 1068 1402 1121 B

170 1171 283 1234 stricta
320 1171 458 1235 uinculis
496 1190 556 1235 non
596 1175 758 1255 euagetur,
797 1172 852 1236 sed
889 1171 928 1234 ad
961 1172 1116 1236 unitatem
1149 1175 1255 1254 aptam
1290 1176 1323 1235 et

169 1277 388 1341 concinentem
410 1277 675 1359 conexionemque
695 1278 834 1342 ualidam
854 1278 1049 1344 cohibeatur.
1073 1277 1144 1342 ideo
1164 1277 1322 1343 bitumine

169 1402 243 1448 arca
280 1384 455 1467 constringi
492 1384 634 1459 iubetnr3
674 1388 724 1448 est
756 1385 838 1449 enim
873 1384 1015 1450 bitumen
1049 1385 1248 1450 uehementis
1282 1385 1322 1449 ad

170 1491 450 1574 constringendum
487 1494 627 1557 naturae.
661 1491 744 1555 unde
778 1511 888 1575 graece
922 1489 1077 1578 ἄσφαλτος
1110 1491 1229 1556 dicitur
1260 1488 1320 1553 ἀπὸ
1341 1514 1365 1551 ιο

168 1592 223 1680 rip<
257 1593 436 1682 ἀσφαλείας,
471 1597 530 1661 hoc
565 1600 614 1661 est
650 1597 817 1671 tutamine,
856 1597 941 1680 qnod
979 1599 1136 1662 disiuncta
1173 1602 1323 1666 conectat

170 1708 313 1784 nexuque
342 1704 540 1788 constringat
568 1704 795 1782 indissolubili,
824 1705 869 1769 itu
890 1708 929 1767 ut
951 1706 1087 1769 naturali
1111 1706 1234 1771 unitate
1259 1708 1320 1773 sibi

170 1808 280 1872 credas
314 1810 492 1874 connenire.
526 1811 565 1874 ob
599 1811 679 1874 hanc
712 1831 840 1875 causam
874 1812 961 1875 intus
995 1816 1026 1877 et
1058 1813 1134 1877 foris
1163 1811 1320 1878 bitumine

170 1933 242 1978 arca
265 1916 504 2000 constringitur,
528 1936 566 1981 ne
591 1918 719 1983 conexio
743 1918 799 1982 illa
821 1917 914 1982 facile
938 1921 1112 2000 rumpatur.
1388 1922 1407 1976 C

71 2017 159 2099 216
214 2021 300 2085 Alibi
333 2026 450 2104 autem,
485 2023 544 2087 hoc
577 2027 626 2087 est
659 2023 688 2086 in
720 2023 826 2088 Exodo
855 2024 950 2087 etiam
979 2023 1148 2088 deauratur
1173 2025 1262 2089 intus
1288 2029 1320 2090 et
1340 2048 1363 2088 n

169 2128 246 2191 foris
272 2147 342 2192 arca
365 2129 430 2205 illa,
456 2148 535 2210 quae
560 2129 590 2193 in
616 2129 736 2193 sanctis
760 2136 810 2193 est
832 2129 942 2193 mundi
966 2129 1183 2213 intellegibilis
1213 2131 1318 2195 imita·

170 2236 230 2298 trix
252 2234 370 2317 imago.
395 2235 479 2299 sicut-
503 2236 586 2300 enim
605 2235 777 2318 pretiosius
796 2255 907 2300 aurum
927 2235 1081 2299 bitumine
1099 2235 1146 2299 ita
1162 2235 1219 2299 illa
1237 2255 1318 2319 qnae
1382 2233 1404 2285 Ι)

168 2343 201 2405 in
226 2342 343 2405 sanctis
368 2346 417 2405 est
440 2360 512 2405 arca
535 2362 628 2424 quam
651 2343 715 2407 istu
732 2342 951 2426 praestantior.
972 2341 1106 2424 denique
1124 2342 1178 2409 hic
1196 2343 1318 2425 simpli-

169 2449 249 2511 citer
276 2448 362 2530 ligna
389 2450 508 2530 posuit,
536 2449 581 2513 ibi
609 2453 717 2514 autem
745 2450 833 2532 ligna
860 2449 999 2531 quidem,
1032 2448 1088 2512 sed
1119 2448 1317 2532 inputribilia

168 2555 396 2636 conprehendit
424 2555 586 2620 declarans
614 2557 727 2621 merita
755 2559 948 2621 sanctorum.
977 2555 1222 2620 addiditetiam
1250 2556 1316 2622 illic
1335 2582 1364 2621 ao

169 2662 404 2745 supportatoria
432 2662 610 2726 immobilia
638 2681 718 2740 ease,
747 2663 831 2745 qnod
860 2665 1042 2727 sanctorum
1070 2662 1165 2726 statio
1191 2662 1316 2727 stabilis

169 2772 203 2832 et
230 2767 319 2831 firma
347 2769 399 2839 sit,
433 2769 507 2850 qnia
539 2770 625 2833 uitae
656 2769 828 2851 probabilis
860 2768 1020 2833 tramitem
1053 2769 1184 2834 uirtutis
1216 2769 1315 2834 ductu

171 2875 276 2939 secuti
301 2879 375 2939 sunt
398 2876 592 2958 corruptelae
617 2875 810 2940 declinantes
830 2876 997 2941 consortia.
1021 2877 1099 2940 haec
1118 2878 1223 2940 antem
1243 2895 1316 2940 arca

170 2986 283 3064 utpote
311 2983 341 3046 in
371 2982 493 3046 diluuio
522 2984 584 3047 huc
613 2988 707 3065 atque
735 2984 813 3047 illuc
836 2987 924 3048 motu
948 2983 1159 3065 inpellabatur
1181 2983 1313 3059 incerto,
1385 2979 1405 3032 Ε

75 3100 83 3137 f
172 3107 207 3151 eo
237 3088 321 3170 quod
347 3093 551 3170 peccatorum
580 3094 683 3155 statua
712 3090 839 3154 mobilis
869 3090 911 3154 sit
940 3095 972 3152 et
998 3089 1065 3153 uita
1098 3108 1206 3153 eorum
1240 3108 1315 3170 quo·
1335 3115 1362 3154 as

168 3195 242 3258 dam
279 3195 521 3260 redundantium
559 3197 744 3278 passionum
782 3197 903 3261 diluuio
947 3196 1140 3278 corruptioni
1181 3195 1316 3261 obnoxia

262 3458 274 3509 l
296 3455 363 3510 Gen.
384 3458 410 3518 6,
432 3459 464 3510 14
482 3457 560 3511 Philo
581 3457 692 3522 Quaest.
711 3457 774 3511 114
831 3460 863 3512 15
882 3456 967 3513 Exod.
987 3459 1029 3520 25,
1052 3458 1084 3511 10

208 3598 220 3651 1
242 3595 355 3651 decorae
375 3598 398 3655 (l
417 3615 433 3651 a
451 3614 472 3651 a.
493 3615 524 3651 ae
538 3601 595 3665 m2)
619 3598 652 3651 T‘
723 3598 832 3652 inlinies
851 3600 876 3667 (e
894 3614 917 3703 εὴ.
935 3603 974 3664 α.)
994 3599 1021 3663 in
1040 3598 1137 3667 inquid
1157 3602 1181 3664 (t
1199 3616 1220 3654 a.
1240 3599 1269 3668 d)
1288 3601 1316 3655 P

169 3714 186 3766 2
206 3729 264 3767 eam
284 3713 315 3766 N
332 3731 390 3766 eam
410 3730 497 3766 arcam
518 3715 544 3766 P
564 3731 622 3768 eam
642 3715 723 3768 archa
741 3715 768 3765 B
787 3731 845 3767 eam
866 3731 952 3778 arcam
978 3713 1008 3767 Ρ
1027 3731 1116 3768 arcum
1138 3715 1163 3768 Τ
1228 3715 1314 3777 itero

167 3804 267 3872 scripsi
286 3804 359 3856 ezcin
382 3802 498 3857 Tenein
517 3810 563 3858 cet.
638 3804 781 3873 graeoeT
834 3804 1041 3868 iclininitatem
1061 3804 1088 3857 P
1135 3803 1315 3858 8cohibetur

174 3891 229 3945 TN
272 3894 288 3945 9
308 3893 456 3960 constringi
476 3892 557 3946 archa
576 3892 602 3959 (h
622 3908 643 3946 s.
663 3894 702 3961 α.)
724 3891 755 3944 Ν
807 3892 840 3945 10
859 3893 973 3946 assaltus
996 3892 1020 3944 T
1038 3891 1120 3946 saltos
1134 3892 1195 3956 PB,
1215 3909 1268 3946 om.
1282 3893 1315 3945 a*

170 3982 200 4035 ll
223 3981 273 4031 ἀπὸ
293 3989 340 4051 τῆς
361 3979 505 4050 ἀσφαλείας
523 3981 621 4049 compsi
640 3979 1005 4036 assOTHCAChAAIAIAO
1019 3981 1080 4034 PT‘
1099 3980 1314 4036 thOTHcac-

168 4068 332 4123 ‹DANAIAC
351 4069 375 4121 T
392 4057 721 4123 aanHCaChaabatas
735 4069 767 4121 N
778 4086 801 4122 a.
817 4075 894 4139 potes
907 4070 1041 4124 arsaltitos
1055 4069 1082 4123 B
1138 4071 1274 4124 tutamine
1287 4071 1317 4124 P

168 4162 212 4210 mi
225 4158 275 4211 ΤΒ
293 4157 426 4210 bitumina
446 4158 473 4210 P
480 4160 527 4210 m2
546 4163 593 4210 cet.
651 4159 683 4210 15
704 4157 800 4210 exordo
815 4158 842 4210 P
861 4162 884 4222 (r
903 4162 985 4224 eras.)
1058 4157 1122 4211 foris
1143 4162 1171 4210 et
1189 4159 1263 4213 intus
1282 4160 1315 4213 T‘

172 4248 203 4299 17
224 4247 306 4315 enim]
329 4246 408 4299 etiam
434 4245 458 4298 Τ
510 4246 545 4299 25
564 4262 601 4313 sq.
623 4246 892 4302 uitae...obnoriae
912 4247 969 4301 NB
