2836 4822
287 365 328 419 De
348 364 406 420 Noe
425 367 540 429 27-29,
562 367 702 421 103-107
740 367 762 433 (I
782 368 834 421 269
853 368 963 421 B-err
984 367 1026 434 B).
1189 370 1254 435 485

107 581 198 629 arcus
222 564 307 628 enim
329 563 576 628 instrumentum
601 562 783 627 iaculandae
808 563 942 646 sagittae
966 567 1028 637 est3
1062 563 1169 644 itaque
1193 583 1253 626 uon

105 669 174 751 ipse
198 689 290 734 arcus
314 673 471 747 uulnerat,
497 670 553 734 sed
577 670 704 753 sagitta.
739 672 770 733 et
792 669 864 734 ideo
889 669 1036 733 dominus
1059 669 1090 732 in
1116 669 1253 733 nubibus

106 796 213 841 arcum
247 777 350 861 magis
384 796 478 858 quam
513 777 664 860 sagittam
697 777 795 859 punit,
828 775 860 839 id
895 779 944 840 est
972 796 1031 839 non
1061 775 1141 838 illud
1169 774 1252 857 quod

105 884 264 962 numeret,
289 884 345 950 sed
369 884 454 966 quod
474 884 589 948 habeat
607 885 734 948 terroris
758 884 921 962 indicium,
944 883 1084 947 uulneris
1104 884 1252 947 ettectunr

72 990 222 1056 shabere
246 1010 307 1056 non
333 992 445 1056 soleat.

50 1091 56 1146 'r
148 1098 219 1178 Qua
241 1098 361 1162 ratione
386 1101 491 1162 autem
517 1117 589 1162 cum
614 1116 710 1179 supra
733 1101 797 1161 tres
820 1096 903 1162 filios
927 1096 994 1161 Noe
1019 1097 1250 1180 conputauerit,
1275 1099 1295 1153 C

107 1203 192 1269 Sem
225 1203 344 1269 Cham
375 1205 528 1286 laphet,
560 1204 719 1268 hocloco
748 1203 843 1267 unius
872 1203 1132 1286 conprehenderit
1154 1203 1250 1267 medii

104 1310 162 1374 filii
186 1311 421 1394 generationem
445 1311 571 1374 —hoc
596 1314 646 1375 est
669 1310 753 1391 quod
777 1311 835 1374 nit:
866 1309 983 1375 Cinam
1008 1314 1139 1373 autem
1165 1313 1251 1373 erat
1271 1313 1293 1366 D

103 1420 217 1499 peter
241 1417 445 1491 Chanaan;
473 1417 546 1481 isti
575 1422 690 1482 erant
708 1422 790 1481 tros
811 1417 898 1480 filii
917 1417 1250 1481 Noe-etmaxime

57 1543 84 1582 ro
103 1543 175 1589 cum
202 1524 252 1588 illi
282 1525 344 1589 duo
373 1525 461 1602 iusti,
489 1526 551 1589 iste
580 1526 719 1589 iniustus
749 1525 893 1589 medius?
922 1525 1030 1590 iniusti
1060 1543 1133 1608 ergo
1162 1524 1249 1606 prius

103 1632 264 1715 generatio
285 1651 380 1715 quam
399 1633 555 1697 iustorum
572 1632 845 1715 conprehenditur.
865 1652 965 1714 neque
981 1632 1063 1695 enim
1079 1650 1249 1713 possumus

101 1758 216 1822 negare
250 1739 335 1820 quod
367 1739 521 1820 scriptum
555 1743 613 1815 est,
648 1739 704 1802 sed
737 1739 775 1801 ad
809 1737 1059 1802 concernentium
1097 1737 1248 1800 delictum

101 1845 204 1928 ipsius
228 1845 336 1909 addite
358 1846 426 1910 eius
455 1849 505 1909 est
528 1845 700 1928 generatio,
725 1845 820 1927 quod,
845 1863 916 1908 cum
941 1843 1071 1908 haberet
1092 1843 1194 1908 filium
1218 1848 1250 1907 et

101 1956 192 2035 pater
230 1956 325 2028 esset,
364 1954 453 2016 solus
491 1953 560 2034 ipse
597 1957 717 2034 patrem
758 1971 818 2015 nou
856 1953 1017 2033 cognouit,
1055 1952 1108 2032 qui
1145 1951 1248 2034 magis

57 2078 293 2143 recognoscere
318 2059 491 2123 debuisset.
516 2063 548 2122 et
570 2059 641 2122 ideo
666 2059 783 2123 meruit
805 2058 984 2138 improbum
1004 2058 1117 2121 habere
1136 2057 1248 2135 tilium,

103 2166 177 2249 quia
198 2166 362 2248 improbus
386 2167 490 2230 fuerat
517 2167 609 2249 patri.
643 2167 740 2229 simul
768 2166 927 2250 siguificat
956 2186 991 2228 cx
1018 2165 1073 2229 illo
1103 2165 1248 2229 Channan
1272 2172 1294 2224 r}

103 2272 309 2338 Chananueos
341 2273 451 2348 fuisse,
480 2274 535 2355 qui
563 2276 638 2356 pont
664 2275 783 2337 multas
812 2272 1031 2356 generationes
1060 2272 1203 2354 oppressi
1231 2293 1247 2336 a

101 2382 219 2463 populo
244 2380 329 2444 iusto
354 2384 519 2444 cesserunt
546 2381 577 2444 in
607 2380 675 2444 eius
704 2380 948 2461 possessionem.
983 2382 1145 2442 auctorem
1173 2398 1247 2462 ergo

104 2485 363 2551 chananaeorum
388 2487 534 2552 chanaan
559 2488 660 2552 fuisse
682 2487 888 2551 manifestum
914 2489 973 2563 est,
999 2487 1052 2568 qui
1076 2487 1139 2550 fuit
1161 2487 1246 2551 filius

55 2615 84 2655 ro
102 2593 199 2660 huius
224 2594 334 2672 Cheru,
353 2596 409 2677 qui
432 2595 551 2676 impius
570 2595 601 2659 in
621 2597 742 2677 patrem
761 2594 874 2658 extitit.
895 2594 988 2659 altior
1007 2596 1112 2658 autem
1133 2614 1246 2658 sensus

100 2702 264 2766 nominum
301 2703 560 2786 interpretatione
598 2703 752 2784 signatur.
791 2700 890 2766 Cham
928 2700 1011 2764 euim
1048 2703 1154 2766 ‘calor‘
1188 2707 1246 2767 est.

101 2807 246 2875 Chunaan
280 2808 429 2873 ‘turbatio
463 2815 592 2873 eorum‘.
631 2809 685 2889 qui
713 2808 796 2872 enim
821 2808 903 2871 calet
927 2808 1075 2872 continuo
1100 2814 1248 2872 mouetur

100 2917 134 2979 et
167 2917 380 2996 perturbatur,
418 2914 552 2997 ideoque
590 2914 829 2979 euidentissime
867 2914 1043 2979 declaratur
1079 2935 1139 2980 non
1181 2921 1244 2980 tam
1269 2923 1290 2975 F

99 3021 258 3087 hominem
279 3025 399 3104 patrem
419 3023 584 3086 hominum
603 3023 714 3095 fuisse,
734 3022 789 3085 sed
805 3022 985 3103 passionem
1000 3024 1116 3086 malam
1130 3022 1245 3104 impro-

52 3148 81 3189 ιι
99 3128 157 3193 bae
180 3128 339 3211 passionis
363 3129 600 3212 generatricem,
627 3149 705 3211 quae
730 3133 816 3192 esset
840 3150 857 3190 a
881 3130 981 3210 patris
1005 3129 1156 3204 moribus,
1185 3130 1245 3194 hoe

99 3238 150 3301 est
172 3237 210 3302 ab
235 3256 296 3300 usu
320 3236 449 3301 uirtutis
473 3236 585 3300 aliena.

46 3336 49 3345 ’
143 3346 191 3410 Et
214 3344 353 3427 coepit
375 3344 456 3409 Noe
481 3345 594 3408 homo
620 3342 804 3428 agricola
828 3361 917 3406 esse
942 3346 1085 3406 terrae.
1116 3342 1309 3408 uiuerurerr
1329 3353 1377 3407 ΑΒ

188 3608 204 3660 7
224 3607 290 3662 Gen.
310 3609 335 3665 9.
357 3608 397 3667 18.
418 3607 450 3661 cf.
471 3609 496 3670 6,
518 3608 529 3660 l
553 3611 581 3660 et
602 3607 635 3660 10
651 3606 729 3660 Philo
750 3604 860 3671 Quaeri..
876 3605 902 3658 11
919 3604 953 3658 65
999 3602 1097 3658 8Gen.
1113 3606 1139 3665 u,
1156 3605 1188 3657 18
1203 3619 1241 3672 sq.

98 3698 133 3752 27
153 3697 220 3754 Gen.
240 3697 265 3761 9,
285 3697 319 3752 20
337 3697 418 3750 Philo
437 3695 548 3762 Quaeri.
569 3695 596 3749 ΙΙ
615 3698 648 3751 66

132 3842 150 3894 4
169 3840 242 3911 quod
255 3841 342 3910 magis
361 3838 463 3894 habeat
476 3839 508 3893 N
542 3841 557 3892 ‘r'
578 3839 663 3892 iescth
678 3839 705 3891 P
722 3839 790 3892 iairt
807 3838 933 3907 Giaphet
947 3843 995 3891 cet.
1033 3838 1049 3890 9
1065 3837 1195 3890 chanaam
1210 3836 1244 3888 M

99 3932 133 3985 13
152 3934 195 3984 est
213 3930 271 3984 eius
289 3930 326 3984 M
378 3928 451 3999 quod
468 3928 491 3981 (J
508 3929 554 3997 qui
573 3929 600 3981 P
619 3934 660 3993 (ex
679 3928 764 3995 quodi
782 3927 841 3980 T‘u
862 3928 925 3996 quia
944 3932 990 3980 cet.
1041 3928 1072 3979 15
1091 3925 1242 3995 improbum

96 4020 197 4074 meruit
214 4019 336 4073 DNCM
407 4019 438 4071 16
459 4035 489 4071 cr
509 4035 540 4071 eo
560 4022 622 4085 (rtur.
643 4017 783 4079 Clranaau)
803 4015 830 4068 B
898 4017 928 4069 lt
949 4034 965 4068 u
984 4016 1084 4086 populo
1104 4016 1175 4067 iusto
1195 4032 1243 4083 op·

95 4109 182 4177 pressi
200 4108 320 4162 Duru!
387 4106 612 4161 rochamaura
677 4106 711 4159 ‘20
730 4106 829 4174 impius
848 4122 898 4159 our.
919 4106 945 4158 Β
1017 4107 1094 4174 patre
1117 4104 1149 4156 Y‘
1167 4110 1243 4173 patre

96 4203 144 4253 cet.
216 4197 371 4251 excessitB
420 4197 452 4250 21
474 4201 515 4250 est
534 4195 630 4249 omN
679 4196 713 4248 24
733 4194 829 4247 fuisses
844 4195 871 4247 P
888 4202 912 4260 (s
932 4200 990 4248 tert.
1010 4198 1092 4257 erus.)
1142 4194 1176 4245 ‘27
1192 4208 1243 4245 noe

95 4284 176 4339 homo
195 4286 257 4340 DN
272 4286 352 4339 horno
372 4303 423 4339 noc
443 4292 490 4340 cet.
