2836 4822
359 330 508 383 Exaruoron
527 328 569 382 III
587 331 614 392 3,
635 329 677 384 13.
698 330 730 383 14
768 327 792 393 (Ι
811 328 845 382 38
865 327 957 382 0-39
977 328 1022 394 B).
1212 329 1255 394 69

110 524 377 589 mariaetunurn
397 527 561 602 estimare,
582 523 667 588 siout
691 522 735 586 ait
757 522 912 606 propheta
936 521 1063 588 dicens:
1088 521 1145 585 tui
1168 523 1256 585 sunt

111 631 209 696 caeli
250 635 286 697 et
326 636 392 696 tua
434 634 492 696 est
526 633 643 701 terra:
684 629 808 694 orbem
845 632 1030 692 terrarum
1068 631 1104 692 et
1140 627 1254 709 pleni·

111 739 279 803 tudinem
322 738 405 802 eius
447 742 487 802 tu
529 737 709 802 fundasti.
754 736 968 819 aquilonem
1006 738 1041 800 et
1078 753 1176 799 mare
1214 737 1255 799 tu

111 846 260 911 creasti.
295 849 327 910 et
359 845 399 910 ad
431 845 488 909 lob
525 845 595 928 ipse
633 843 779 908 dominns
818 843 881 907 ait:
919 843 1093 908 conclusi
1130 846 1254 907 autem

79 971 207 1016 amare
231 952 367 1035 portis,

30 1062 65 1124 u
153 1057 245 1122 Nunc
266 1058 340 1141 quia
360 1057 397 1122 de
417 1077 479 1121 una
498 1056 684 1121 collectione
705 1054 853 1133 diximus,
874 1055 954 1119 illud
975 1054 1121 1132 occurria
1136 1063 1295 1129 utrum,F

110 1184 182 1229 eum
211 1184 267 1247 per
296 1184 418 1229 omnern
447 1164 513 1228 fere
541 1167 657 1227 terram
685 1166 717 1227 et
744 1182 839 1245 snper·
866 1166 982 1226 terram
1009 1161 1128 1226 fuerint
1156 1181 1255 1244 aquae

110 1272 243 1337 diffusae
262 1292 317 1355 per
335 1271 500 1335 uallestria
519 1289 676 1354 agrorum,
696 1288 835 1333 concaua
852 1269 1009 1333 montium
1027 1269 1254 1352 planitiemque

111 1398 305 1462 camporum,
320 1379 414 1444 modo
431 1377 576 1461 aequoris
591 1377 663 1440 fusa
683 1376 886 1461 congregatio
906 1395 968 1439 una
985 1375 1126 1459 potuerit
1145 1395 1254 1440 omnes

69 1509 92 1547 ιο
109 1485 181 1550 illas
206 1505 304 1568 aquas
328 1486 465 1568 recipere
490 1488 584 1566 atque
608 1484 764 1548 exinanire
788 1487 898 1561 terras,
918 1503 997 1567 quae
1018 1486 1089 1548 autc
1108 1484 1180 1548 fuso
1199 1503 1255 1565 per

110 1593 296 1657 uniuersum
332 1593 462 1657 flumine
500 1592 738 1676 stagnabantur.
777 1611 848 1655 narn
887 1590 914 1656 si
946 1591 992 1655 ita
1024 1593 1133 1674 operta
1165 1593 1254 1654 erant

110 1699 214 1763 omnia
232 1736 275 1744 —
295 1718 355 1763 non
376 1699 458 1763 enirn
479 1699 597 1763 diceret
613 1698 694 1763 ‘uisa
713 1701 763 1762 est
780 1697 965 1775 terra'‚·nisi
983 1700 1134 1762 retectam
1154 1699 1255 1762 uellet
1272 1703 1341 1759 39A

109 1806 188 1871 locis
213 1805 359 1870 omnibus
383 1805 599 1870 demonstrare
622 1843 675 1882 -‚
700 1804 728 1869 si
756 1804 913 1868 diluuium
941 1803 1010 1868 Noe
1034 1808 1177 1887 tempore
1201 1805 1253 1868 ab·

110 1912 236 1977 scandit
263 1916 294 1976 et
321 1915 456 1990 montes,
485 1911 608 1994 quando
637 1930 789 1994 aquarum
817 1911 881 1975 iam
910 1914 942 1976 et
969 1930 1064 1994 super
1092 1912 1197 1975 caelos
1221 1914 1253 1976 et

71 2040 92 2080 n
109 2018 188 2082 infra
202 2018 435 2083 firmamentum
449 2019 553 2082 fuerat
567 2019 651 2082 facta
667 2016 834 2082 discretio:
856 2020 973 2100 quanto
993 2018 1095 2102 magis
1114 2017 1252 2083 dubitari

109 2145 168 2189 non
191 2127 300 2207 potest
323 2125 419 2188 ctiam
442 2125 600 2189 montium
623 2125 761 2190 uertices
779 2125 834 2189 illa
853 2124 1073 2208 superfusione
1091 2125 1252 2189 latuisse?

109 2250 170 2313 quo
195 2231 294 2316 igitur
315 2230 372 2295 illa
396 2231 497 2296 omnis
517 2250 669 2314 aquarum
688 2231 898 2296 redundantia
916 2231 1058 2295 deriuata
1077 2234 1151 2295 est?
1171 2251 1251 2313 quae

108 2339 308 2419 receptacula
331 2357 399 2402 eam
422 2343 489 2402 tam
513 2338 780 2420 continuantque
805 2357 921 2403 conexa
948 2338 1114 2403 absorbere
1142 2342 1252 2420 potue·

38 2443 68 2508 15
107 2447 206 2509 runt?
236 2443 273 2508 de
302 2464 364 2525 quo
393 2445 515 2509 multus
539 2444 630 2509 nobis
655 2447 761 2527 potest
784 2464 886 2510 semro
912 2445 1089 2527 subpetere.
1113 2445 1293 2529 primumn

68 2578 91 2616 ro
108 2552 182 2634 quia
221 2552 328 2635 potuit
369 2555 490 2616 creator
530 2551 671 2616 omnium
713 2555 746 2615 ct
780 2552 920 2634 ipsarum
957 2555 1111 2617 terrarum
1149 2553 1253 2636 spatia

107 2657 291 2736 diffundere,
320 2658 405 2741 quod
433 2658 532 2741 aliqui
561 2660 632 2723 ante
661 2679 718 2724 nos
747 2658 968 2724 confirmantes
999 2659 1125 2743 propria
1156 2678 1250 2742 posu·

107 2770 200 2829 erunt
226 2765 392 2831 sententia
422 2784 481 2849 ego
511 2765 589 2848 qnid
616 2766 719 2830 facere
748 2767 888 2850 potuerit
920 2785 980 2831 nou
1013 2765 1248 2849 praetermitto:

106 2872 183 2954 quid
207 2871 327 2949 fecerit,
352 2871 436 2954 quod
460 2876 567 2956 aperte
591 2873 819 2955 scripturarum
843 2874 1033 2938 auctoritate
1056 2893 1118 2939 uon
1142 2872 1249 2951 didici,

106 2979 197 3063 quasi
221 2983 378 3044 secretum
401 2984 574 3062 praetereo,
598 2999 637 3046 ne
660 2981 741 3046 forte
766 2980 862 3045 etiam
885 2980 959 3045 hino
978 2981 1056 3045 alias
1076 2979 1136 3045 sibi
1156 2999 1249 3063 quac-

65 3109 88 3149 25
106 3086 224 3150 stiones
260 3086 430 3168 requirant.
469 3086 579 3152 adsero
617 3090 723 3152 tamen
760 3087 936 3152 secundum
969 3087 1141 3170 scripturas
1176 3088 1250 3169 quia

105 3190 213 3274 potuit
234 3192 378 3257 locorum
400 3193 536 3258 humilia
559 3196 591 3258 et
614 3212 798 3277 camporum
822 3197 930 3277 aperta
953 3194 1136 3272 diffundere,
1165 3193 1250 3258 sicut

105 3297 174 3381 ipse
213 3299 275 3363 ait:
315 3318 382 3383 ego
420 3303 504 3364 ante
542 3303 577 3364 tc
615 3300 814 3364 ambulabo
852 3305 888 3365 et
929 3304 1073 3366 montes
1115 3298 1289 3384 planceo

197 3508 209 3560 1
230 3505 329 3561 Psalm.
349 3506 512 3561 LXXXVIII
534 3508 565 3561 12
585 3525 625 3577 sq.
732 3507 817 3561 4101)
837 3508 915 3571 38,8
1030 3508 1063 3562 13
1083 3507 1149 3563 Gen.
1169 3510 1194 3571 7,
1213 3509 1248 3563 20

103 3595 137 3649 27
157 3594 229 3648 Esai.
247 3597 292 3658 45,
311 3597 328 3649 2

139 3718 155 3772 3
174 3722 206 3772 tu
225 3718 346 3773 fundasti
365 3735 416 3774 orn.
437 3718 460 3771 ll
541 3721 556 3773 7
576 3737 662 3789 aquae
682 3720 794 3775 diffusae
816 3720 970 3775 Gdillusac
989 3737 1075 3792 aquae
1094 3725 1189 3794 (atqup
1210 3723 1247 3789 G)

105 3803 274 3861 GPVMSB
293 3805 391 3860 diffusa
410 3823 479 3877 quas
492 3807 560 3862 aas
580 3807 678 3861 diffusa
697 3824 782 3877 eaque
794 3807 838 3862 Μ’
892 3810 909 3863 9
928 3809 1013 3863 effusa
1029 3809 1067 3863 M
1137 3827 1247 3880 congre·

102 3896 214 3964 gatione
229 3892 315 3951 ua‘u
335 3900 380 3960 (ne
399 3895 450 3949 del.
467 3895 531 3961 Gla)
553 3896 791 3966 congregationem
804 3896 873 3953 W
911 3899 941 3952 11
959 3902 1038 3953 eruut
1054 3899 1078 3952 G
1095 3902 1174 3963 (cora
1188 3904 1246 3966 m3)

105 3984 138 4038 13
158 3982 291 4036 diluuium
310 3986 358 4036 m3
374 3983 398 4033 (J
413 3987 461 4036 m2
476 3983 527 4039 oa
546 3982 633 4037 diluui
651 3983 759 4048 (diluuii
774 3984 807 4049 St
828 3990 856 4038 et
869 3984 926 4040 MS
945 3984 1041 4039 diluuii
1056 3986 1130 4043 (uu
1145 3991 1187 4040 ml
1199 3993 1247 4041 cel.

105 4075 137 4128 15
157 4071 277 4126 dubitari
298 4070 438 4129 GPVII‘S
455 4078 480 4127 et
499 4077 545 4127 m2
562 4074 589 4128 B
609 4072 733 4127 dubitare
752 4074 779 4127 B
797 4079 840 4128 ml
858 4079 905 4129 cet.
1002 4076 1034 4128 21
1056 4074 1204 4129 diffundere
1227 4076 1250 4125 (7

102 4168 128 4215 te
143 4177 190 4231 pr.
211 4159 346 4227 ccim3)
397 4161 432 4216 22
450 4167 475 4216 et
493 4179 520 4232 p.
540 4162 583 4224 70,
605 4162 618 4216 l
639 4162 810 4228 lacereC(e
823 4178 869 4234 pr.
888 4163 1025 4231 exinr3)
1077 4165 1247 4221 2311010τί-

103 4256 189 4304 tatem
210 4252 246 4317 (nr
267 4249 329 4318 ciel.)
352 4249 402 4304 CP
473 4250 561 4306 dedici
582 4251 702 4317 C(eorr.
721 4255 778 4320 m3)
838 4253 874 4307 24
892 4254 1026 4323 praeterio
1048 4254 1072 4307 (J
1088 4258 1169 4319 (corr.
1188 4258 1246 4321 md)
