2836 4822
401 378 443 431 De
462 377 520 431 Noe
543 379 584 442 15,
603 378 709 433 ott-52
747 379 771 446 (1
790 380 841 434 248
862 381 971 436 0-249
991 379 1032 446 C).
1223 385 1288 449 449

140 571 274 636 fluctuat
295 572 510 653 passionibus,
535 573 650 655 quibus
679 574 742 637 huo
770 578 865 655 atque
896 575 974 639 illuc
1002 578 1164 657 tamquam
1194 596 1289 658 super

139 678 239 744 undas
264 679 482 745 molestiarum
507 699 633 744 suarum
660 700 744 745 nunc
767 681 860 762 lame,
886 700 967 745 nunc
996 682 1060 755 siti,
1088 702 1171 748 nunc
1200 686 1287 767 cupi·

140 784 249 861 ditate,
272 805 356 850 nunc
380 786 507 872 gaudio,
531 806 615 851 nunc
639 787 744 852 dolore
768 787 913 853 iactatur.

44 896 90 959 52
183 893 268 957 Illud
291 884 416 975 quoque
441 912 500 958 non
524 894 837 978 praetermittendum
862 895 1005 973 arbitror,
1030 897 1104 978 quia
1129 898 1385 980 scripturaram

106 1018 198 1063 onon
231 1000 406 1082 praeteriit,
440 1003 566 1083 quantis
600 1021 728 1066 numero
766 1002 883 1066 cubitis
921 1022 1002 1084 aqua
1039 1023 1134 1085 super
1169 1008 1283 1071 terram

138 1106 248 1180 luerim
273 1106 453 1188 quindecim
477 1108 561 1172 enim
585 1109 702 1173 cubitis
727 1128 822 1192 super
850 1110 990 1174 excelsos
1018 1115 1142 1176 montes
1171 1131 1285 1192 aquam

136 1213 237 1276 luisse
266 1213 353 1277 dixit.
387 1213 521 1297 simplex
543 1215 651 1297 itaque
674 1215 858 1280 intellectus
882 1220 980 1297 patet,
1004 1218 1156 1300 allegoria
1178 1221 1284 1282 autem

138 1320 275 1402 quinque
300 1339 412 1385 sensus
438 1321 659 1404 conplectitur,
683 1322 737 1403 qui
761 1322 890 1387 suntin
916 1342 1044 1405 corpore
1067 1329 1174 1389 nostro
1195 1326 1286 1390 uelut

137 1427 251 1491 excelsi
285 1430 419 1501 montes,
454 1430 508 1510 qui
541 1429 620 1493 hano
654 1448 779 1494 carnem
812 1429 997 1510 passionum
1030 1431 1221 1496 obumbrant
1253 1437 1285 1497 et

89 1559 116 1598 ao
136 1535 321 1617 plerumque
340 1534 543 1599 incursantur
560 1535 672 1600 bestiis
693 1539 724 1599 et
743 1524 942 1619 exagitantur
961 1537 1167 1602 condenseat
1187 1559 1284 1621 opaca

136 1661 255 1706 eorum.
293 1640 375 1705 unde
414 1645 445 1706 et
482 1641 628 1707 dominus
666 1662 722 1724 per
758 1643 920 1707 nationum
961 1644 1155 1709 credentium
1188 1646 1281 1712 fidem

135 1748 264 1812 ueniens
284 1748 324 1812 ad
343 1749 511 1814 ecclesiam
531 1769 620 1814 suam
641 1750 730 1813 uenit
749 1769 767 1813 e
784 1750 915 1828 Libane,
940 1751 1025 1815 sicut
1043 1752 1088 1815 ait
1106 1753 1282 1818 Ambacum

135 1855 288 1937 propbeta
320 1855 443 1920 dicens:
477 1855 661 1920 dominus
691 1876 708 1919 a
735 1856 886 1922 Libano
921 1859 1070 1929 ueniet.
1100 1880 1118 1923 a
1148 1865 1280 1926 munte
1308 1871 1330 1923 Β

135 1961 322 2026 umbroso
348 1966 384 2026 et
408 1981 540 2045 opaco.
570 1963 704 2027 ecclesia
733 1982 857 2044 quoque
887 1964 976 2028 uenit
999 1984 1017 2029 a
1039 1966 1172 2039 Libano,
1197 1967 1282 2032 sicut

90 2067 252 2135 xalrabent
288 2067 418 2132 Cantica
457 2070 661 2133 canticorum.
699 2069 745 2132 ita
778 2069 860 2133 enim
892 2069 1043 2154 legimus:
1079 2073 1173 2137 ades
1206 2075 1281 2138 huc

135 2175 345 2252 abibanu,
370 2195 536 2259 sponsa,
562 2176 656 2240 ades
681 2177 756 2240 buc
781 2196 798 2241 a
821 2177 983 2242 Libano.
1018 2179 1218 2244 transibis
1244 2185 1282 2245 et

135 2282 413 2362 pertransibis
439 2303 456 2346 a
479 2282 686 2366 principio
710 2283 823 2360 fidei,
848 2303 866 2348 a
890 2284 1102 2348 cubilibus
1122 2285 1280 2352 leonunr

134 2392 172 2451 et
201 2388 408 2454 montibus
437 2389 663 2471 pardorum,
697 2389 781 2471 quud
805 2390 940 2474 gentiles
964 2391 1084 2474 populi.
1111 2393 1165 2474 qui
1190 2394 1281 2458 uelut

133 2496 315 2560 bestialium
340 2496 523 2578 passionum
553 2516 665 2580 graues
694 2497 896 2580 patiebantur
917 2497 1074 2576 incursus,
1099 2519 1181 2563 nunc
1211 2501 1280 2565 alti-

82 2629 113 2668 ao
132 2601 241 2666 tudine
266 2601 339 2666 fidei
362 2606 394 2667 et
418 2603 616 2667 sublimitate
641 2603 819 2667 deuotionis
840 2603 1006 2668 emineant.
1030 2624 1086 2686 per
1104 2605 1162 2669 hos
1183 2605 1281 2688 igitur

129 2713 254 2773 montes
270 2708 416 2774 Christus
431 2709 560 2774 aduenit
574 2711 783 2792 comprimens
799 2709 992 2793 euangelicis
1008 2710 1278 2793 disputationibus
1307 2723 1327 2778 C

129 2814 244 2880 ferocis
270 2815 367 2880 istius
396 2817 536 2899 corporis
565 2820 671 2880 mutus
705 2820 800 2898 atque
828 2816 915 2879 illam
945 2816 1144 2881 altitudinem
1175 2819 1278 2884 cordis

130 2924 163 2985 et
196 2942 230 2987 se
264 2923 466 2987 extollentem
499 2924 680 3005 superbiam
716 2923 916 2987 oboedientia
949 2927 981 2987 et
1012 2924 1194 2989 humilitate
1227 2927 1277 2989 sui

129 3029 306 3106 destruens,
340 3030 518 3112 meritoque
551 3031 672 3095 fruetus
707 3031 961 3094 mansuetudinis
993 3033 1073 3096 ferre
1109 3038 1277 3115 coeperunt

78 3158 108 3199 aa
129 3154 209 3216 quos
233 3139 305 3199 aute
330 3135 474 3218 grauium
499 3136 685 3217 passionum
709 3135 831 3200 diluuia
855 3135 1060 3201 subruebant.
1085 3137 1121 3201 de
1146 3158 1277 3204 numero

129 3244 235 3305 autem
264 3243 443 3308 cubitorum
474 3244 519 3308 sic
549 3244 677 3326 quidam
705 3246 776 3307 ante
807 3263 864 3308 nos
898 3243 1157 3320 aestimauerunt,
1192 3247 1276 3327 quod

129 3348 268 3430 quinque
292 3368 406 3415 sensus
430 3351 587 3433 triplicem
614 3350 833 3416 collectionem
857 3349 1004 3425 babeant,
1024 3369 1059 3414 eo
1081 3351 1165 3433 quud
1186 3352 1275 3416 rrisus

128 3454 255 3518 uisibile
281 3455 368 3519 uidet
392 3459 423 3519 et
447 3456 575 3521 auditus
601 3456 738 3521 audibile
763 3457 852 3520 audit
876 3459 908 3520 et
936 3455 1085 3520 odoratus
1115 3457 1274 3521 odorabile

216 3647 234 3698 4
253 3648 279 3699 et
300 3646 333 3700 25
353 3645 431 3698 Philo
452 3645 562 3711 Quaerit.
582 3646 611 3700 II
630 3647 660 3700 21
768 3649 784 3701 6
804 3647 871 3701 Gen.
888 3649 912 3705 t.
928 3648 963 3701 20
1074 3649 1106 3703 13
1123 3649 1198 3702 1111111.
1216 3648 1272 3713 3,3

130 3734 162 3786 15
182 3732 259 3788 Cant.
279 3735 305 3797 4,
325 3734 341 3786 8

165 3841 178 3893 1
199 3844 280 3909 atquc
299 3840 326 3893 P
344 3839 384 3909 (at
402 3857 423 3894 a.
443 3845 546 3906 111113)
639 3843 655 3894 6
676 3841 873 3895 ’Χ12ΡΤΟΜ
980 3847 1087 3896 montes
1107 3844 1225 3897 excelsos
1245 3844 1276 3897 N

126 3928 328 3983 8sensusom.
347 3931 374 3982 B
431 3930 463 3983 10
484 3934 511 3983 et
527 3947 570 3997 pr.
590 3947 641 3984 om.
662 3931 689 3984 B
762 3933 979 4002 exagitenturP
999 3938 1065 3998 (as.
1087 3933 1111 4002 a)
1164 3934 1271 3986 121111·

127 4017 224 4071 bacum
242 4017 267 4070 Τ
284 4017 385 4072 abacuc
404 4018 462 4071 T‘C
479 4019 598 4073 abacuch
614 4021 649 4073 M
666 4020 785 4075 abbacuc
803 4027 851 4076 cet.
909 4024 940 4074 13
961 4039 976 4074 a
995 4022 1098 4076 Libano
1119 4039 1168 4076 eru.
1183 4020 1273 4074 NCM

129 4108 161 4160 16
180 4124 295 4177 sponsa.
309 4107 446 4163 ..Libano
466 4124 518 4161 om.
538 4108 565 4161 B
615 4110 649 4163 20
669 4111 806 4163 emineant
828 4111 853 4163 Τ
870 4117 961 4165 urrant
980 4118 1027 4164 cel.
1079 4113 1113 4164 22
1133 4110 1230 4163 ferocia
1250 4110 1275 4163 Τ

126 4196 228 4249 seroces
246 4196 274 4249 P
290 4197 332 4266 (es
350 4214 383 4250 esc
402 4198 435 4260 is)
456 4203 503 4250 cet.
576 4199 656 4252 istius
676 4216 727 4252 our.
746 4199 809 4253 DN
896 4203 928 4253 21
950 4199 1182 4253 mansuaetndinis
1200 4199 1228 4251 P
1245 4203 1272 4269 (a

126 4285 176 4338 alt.
196 4287 278 4352 eras.)
333 4286 367 4339 25
387 4286 527 4354 grauiaB

154 4409 246 4450 ΧΧΧΙΙ.
262 4410 339 4452 Ambe.
353 4422 405 4460 pm
419 4414 439 4460 1,
450 4411 505 4450 lue.
521 4415 540 4453 1.
1200 4395 1234 4448 29
