2836 4822
171 322 236 386 228
572 317 575 322 '
642 320 842 374 Ambrosii

170 517 274 578 tamen
299 515 377 578 19999
400 516 506 579 tantae
531 514 625 579 rnolis
648 513 751 579 bestia
775 513 920 578 subiecta
943 514 1034 579 nobis
1054 513 1195 597 imperiis
1215 515 1319 580 seruit

170 621 328 685 humanis.

77 719 113 803 a,
125 721 167 785 36
189 737 190 740 ’
213 727 337 791 Etenim
368 727 515 809 quoniam
544 726 582 792 de
611 727 747 792 hominis
777 730 919 792 creatura
943 727 1057 791 dicturi
1082 746 1204 804 sumus,
1230 745 1315 791 eom·
1363 734 1410 787 126

168 832 401 898 mandationem
434 834 503 899 eius
536 837 732 916 praestruere
766 837 799 897 91
830 834 1004 916 praelibare
1033 833 1196 899 debemus.
1226 832 1317 898 uide·
1380 840 1401 894 B

166 941 261 1004 hatur
292 941 372 1005 nihil
405 940 572 1006 helefantis
606 944 750 1004 creatura
782 941 896 1005 habere
928 940 1103 1018 robustius,
1136 939 1215 1004 nihil
1248 942 1316 1004 tam
1348 957 1360 996 ⁵

165 1047 309 1112 terribile
338 1049 391 1111 uel
419 1066 596 1129 procemm,
625 1046 705 1110 nihil
733 1050 798 1112 tam
822 1047 924 1111 femm
949 1066 1044 1129 quarn
1067 1046 1176 1112 leones
1200 1046 1252 1112 uel
1276 1048 1316 1111 ti-

166 1154 275 1238 grides
304 1158 389 1218 sunt.
419 1156 450 1218 91
478 1154 555 1217 19999
584 1154 728 1218 seruiunt
756 1153 877 1218 homini
909 1156 941 1217 et
969 1158 1114 1218 naturam
1143 1172 1234 1217 suam
1258 1153 1316 1218 hu·

168 1281 262 1326 mana
291 1261 493 1325 institutione
527 1259 697 1342 deponunt.
732 1260 965 1325 obliuisountur
998 1261 1082 1342 quod
1118 1263 1192 1324 nata
1229 1263 1315 1336 sunt,

166 1366 304 1431 induunt
322 1368 405 1448 quod
422 1367 581 1431 iubentur.
607 1366 683 1449 quid
702 1367 828 1430 multa?
858 1366 1011 1431 docentur
1033 1369 1071 1430 ut
1092 1365 1227 1449 paruoli‚
1253 1386 1316 1430 ser·

168 1475 262 1538 91991
276 1476 313 1538 91
327 1473 454 1550 infirmi,
469 1473 676 1537 uerberantur
690 1477 726 1537 91
740 1473 855 1550 timidi,
871 1472 1071 1556 corriguntur
1085 1476 1122 1536 91
1136 1471 1268 1550 subditi,
1285 1474 1316 1536 iu
1337 1493 1362 1532 99

168 1599 271 1644 mores
295 1583 421 1644 nostros
445 1583 620 1655 transeunt,
641 1580 791 1662 quioniam
810 1583 918 1644 motus
938 1580 1081 1662 proprios
1100 1579 1315 1663 perdiderunt.
1380 1586 1399 1642 c

103 1684 145 1747 37
169 1687 324 1751 mirabilis
344 1687 443 1771 igitur
461 1689 573 1750 natura
592 1686 623 1750 in
644 1687 788 1751 maximis
803 1725 847 1733 —
866 1686 1074 1750 mirabilis
1094 1685 1235 1751 enimin
1261 1705 1317 1750 99-

169 1794 294 1859 991919
316 1793 566 1871 dominus—-,
577 1793 734 1858 mirabilis
750 1793 845 1857 etiam
861 1792 892 1856 in
904 1792 1054 1857 minimis.
1066 1792 1150 1857 sicut
1160 1792 1244 1857 enirn
1254 1812 1317 1857 non

168 1902 273 1966 minus
297 1902 390 1984 plana
414 1919 597 1982 camporum
621 1918 715 1981 quam
734 1900 892 1964 montium
911 1900 976 1963 alta
994 1899 1147 1963 miramur
1165 1918 1222 1963 neo
1241 1898 1317 1982 plus

169 2007 370 2072 altitudinem
400 2006 504 2071 caedri
533 2011 700 2088 stupemus
731 2027 825 2089 quam
850 2007 926 2071 uitis
952 2010 1007 2071 991
1031 2009 1118 2072 91999
1142 2006 1249 2070 breuis
1272 2007 1361 2070 fe-1s

169 2113 375 2188 surditatem,
400 2113 445 2176 ita
468 2133 527 2178 non
554 2113 690 2195 amplius
715 2113 811 2177 miror
833 2112 1040 2191 helefantum,
1065 2113 1139 2195 quia
1165 2131 1317 2194 procerus

170 2224 229 2297 est,
250 2239 343 2301 quiam
369 2239 502 2297 murem,
523 2220 597 2301 quia
620 2219 771 2284 terribilis
795 2221 953 2284 helefanto
978 2223 1037 2285 est.
1061 2223 1192 2284 naturae
1215 2218 1316 2303 igitur

169 2328 247 2390 19999
271 2325 414 2408 potentia
437 2330 497 2400 est,
522 2330 558 2391 ut
581 2327 735 2390 terribilia
758 2326 828 2391 aliis
853 2327 923 2390 aliis
947 2327 1137 2391 meticulosa
1160 2326 1235 2392 sint.
1264 2334 1316 2392 991
1375 2333 1397 2386 Ι)

170 2434 253 2499 enim
278 2433 392 2497 donata
415 2433 636 2516 praerogatiua
660 2433 814 2516 quaedam
839 2433 975 2517 singulis
1000 2432 1163 2510 creaturis,
1187 2436 1225 2498 ut
1249 2419 1341 2516 quei-⁵

170 2539 303 2603 busdam
327 2539 505 2624 priuilegiis
525 2540 659 2621 propriis
679 2540 862 2606 fulciantur.
882 2538 1091 2605 formidabilis
1110 2539 1211 2603 tauris
1231 2540 1317 2605 hele·
1335 2567 1362 2605 eo

169 2647 287 2722 199199,
316 2666 438 2710 murem
466 2648 569 2710 timet.
597 2648 645 2711 leo
676 2647 804 2729 quidem
833 2667 885 2710 rex
917 2646 1053 2711 ferarum
1087 2644 1198 2729 exiguo
1232 2666 1318 2713 scor·

169 2754 272 2834 pionis
297 2755 407 2818 aculeo
433 2754 610 2837 exagitatur
633 2758 665 2817 et
689 2773 808 2819 ueneno
834 2753 989 2837 serpentis
1014 2752 1178 2817 occiditur.
1203 2753 1319 2818 eximia

169 2861 269 2925 leonis
294 2861 518 2943 pulchritudo:
544 2861 699 2926 comantis
725 2861 847 2925 ceruice
871 2864 956 2924 toros
978 2859 1098 2925 excutit
1116 2860 1168 2923 uel
1187 2860 1317 2926 sublato

260 3091 274 3142 7
296 3089 357 3142 Bas.
377 3089 427 3142 201
449 3087 494 3142 BC
515 3087 560 3154 (86
575 3087 608 3145 Β)
663 3087 694 3140 12
714 3087 775 3143 Bas.
796 3086 846 3140 201
863 3086 884 3141 C
901 3086 945 3152 (86
965 3085 997 3150 C)
1017 3085 1319 3141 Ρ99199.Ι,ΧΧΧΧΙΙ4

170 3177 202 3230 21
225 3176 286 3230 Bas.
307 3177 356 3231 201
380 3176 403 3228 Ι)
425 3176 469 3243 (86
490 3175 525 3245 D)
581 3177 615 3230 23
636 3175 716 3243 Uerg.
736 3175 802 3228 Aen.
822 3173 875 3227 ΧΗ
893 3174 963 3228 4-7

207 3326 222 3378 3
243 3326 339 3378 ominis
362 3325 385 3378 Ο
438 3323 619 3378 519919199119
641 3323 664 3376 C
681 3329 705 3377 91
725 3323 754 3388 (19
774 3326 845 3391 cap.)
867 3322 892 3377 G
912 3323 1039 3377 elefantis
1058 3329 1105 3377 991.
1178 3323 1320 3378 robustius

174 3415 197 3466 (Ι
215 3418 240 3480 (9
261 3432 294 3468 ex
312 3432 329 3466 u
348 3418 405 3478 993)
426 3413 564 3478 robustius
589 3413 615 3465 V
632 3419 657 3477 (9
673 3428 693 3466 9.
709 3430 726 3477 u
741 3416 798 3477 m2)
843 3413 859 3464 9
879 3412 996 3465 induunt
1014 3412 1099 3466 MSB
1117 3410 1268 3466 indnuntur
1280 3413 1320 3466 N‘

173 3508 200 3555 et
226 3503 342 3555 induunt
366 3502 390 3554 V
413 3508 438 3556 91
464 3501 674 3569 (transpositum
695 3507 762 3569 post
786 3500 924 3567 iubentur)
948 3501 997 3555 ΟΡ
1021 3508 1045 3555 91
1072 3504 1111 3567 (91
1134 3517 1194 3569 cap,
1213 3503 1272 3571 m2)
1294 3502 1321 3556 (ι’

206 3592 312 3660 paruuli
332 3591 468 3644 19191992
489 3590 542 3644 GP
647 3591 677 3643 ll
703 3593 845 3644 transeunt
864 3596 971 3643 nostros
990 3590 1057 3643 Deo.
1185 3594 1275 3644 motos
1299 3591 1323 3644 0

174 3683 206 3735 15
226 3680 315 3734 caedri
337 3680 489 3736 Gl'lfhf‘B
508 3678 580 3732 cedri
598 3679 631 3733 tt‘
651 3685 675 3742 (c
695 3696 728 3731 999
747 3679 779 3732 919
798 3681 855 3746 992)
876 3685 922 3733 cet.
998 3676 1140 3732 9191910
1194 3678 1227 3732 16
1247 3679 1320 3733 19919·

172 3771 278 3824 fantum
300 3768 323 3821 0
341 3769 369 3834 (h
388 3786 409 3822 9.
429 3776 468 3833 u.)
492 3767 545 3821 GP
564 3767 711 3821 elefantum
731 3774 776 3821 991.
867 3769 898 3823 17
919 3769 982 3837 qnia
1000 3785 1050 3821 om.
1073 3766 1099 3821 G
1119 3770 1177 3830 (m2
1194 3767 1248 3821 ina.
1269 3784 1321 3839 que

173 3856 292 3926 etiami
338 3855 560 3921 helefantoH(h
576 3874 634 3924 erp.
651 3857 686 3924 P)
702 3856 819 3909 elefanto
836 3862 881 3911 991.
944 3855 1225 3919 naturall(-raom2
1242 3855 1278 3920 G)
1297 3857 1323 3910 B

172 3949 206 4001 20
225 3946 378 4000 helefantus
399 3945 422 3997 11
442 3947 465 4016 (9
485 3947 516 3998 199
533 3961 588 3998 rua.
605 3946 689 3998 31111.
707 3945 737 4012 C,
752 3946 769 3997 19
785 3962 844 4012 cap.
858 3945 895 4012 P)
912 3945 1045 3998 elefantus
1060 3949 1105 3998 991.
1162 3944 1197 3998 22
1216 3961 1324 3999 ueneno

176 4036 276 4101 Cleno
296 4036 414 4102 199999.)
470 4035 504 4088 23
525 4033 781 4103 pulchritudoO(o
800 4029 925 4097 1999991
992 4033 1122 4087 comanti
1140 4031 1279 4104 ceals
1293 4036 1325 4088 in

172 4128 239 4184 roal
254 4127 281 4178 P
299 4124 457 4179 cerurmantis
483 4124 508 4176 V
529 4126 664 4177 contantes
684 4123 715 4175 N
786 4124 916 4177 ceruicem
939 4123 990 4176 CV
1006 4128 1032 4176 91
1049 4123 1087 4192 (m
1106 4122 1176 4191 aco.)
1191 4122 1218 4175 P
1236 4125 1324 4177 cerni·

173 4214 428 4284 mGfflmffi
