2836 4822
123 323 189 385 380
593 318 792 371 Ambrosii

122 513 193 578 ideo
227 513 362 596 adpositi
397 516 472 577 sunt
508 513 698 590 armentarii,
736 513 890 596 opiliones
929 515 1088 597 ceterique
1126 519 1275 598 pastores

123 621 250 702 quidam
279 621 424 704 magistri
454 640 598 704 gregum,
628 621 731 684 officia
757 639 814 684 sua
838 620 957 704 singuli
979 641 1035 703 pro
1061 621 1273 687 animantium

76 717 99 779 4
123 728 365 792 commissorum
391 727 452 791 sibi
477 726 659 793 condicione
683 729 866 795 formantes.
895 727 1023 792 uidetur
1046 747 1120 812 ergo
1146 731 1178 793 et
1202 749 1273 793 sen-

122 853 217 898 suum
248 837 426 898 nostrorum
456 834 614 916 quoddam
640 854 738 919 genus
764 834 849 898 aliud
875 834 1031 899 domitum
1055 840 1271 909 mansuetum,

122 942 209 1006 aliud
233 941 434 1018 indomitum,
460 941 544 1023 quod
568 942 754 1006 armentario
779 942 914 1023 quodam
934 948 1022 1008 motu
1043 943 1159 1008 mentis
1178 944 1272 1007 uelut
1302 965 1315 1004 a

122 1049 230 1114 deside
255 1053 349 1130 atque
374 1048 515 1114 resoluto
540 1054 670 1131 promat
693 1047 732 1112 ad
751 1049 988 1113 inrationabiles
1008 1049 1148 1133 eorporis
1168 1049 1271 1114 delec-

119 1156 267 1233 tationes,
291 1159 492 1219 mansuetum
513 1158 630 1230 autem,
652 1155 735 1236 quod
754 1156 845 1219 uelut
864 1156 937 1220 duoi
956 1156 1081 1221 cuidam
1100 1157 1270 1222 moderati·
1334 1167 1356 1218 Ι)

120 1262 173 1326 oni
188 1263 303 1327 mentis
319 1282 352 1326 se
368 1262 506 1326 subiciat
524 1265 556 1325 et
575 1262 701 1326 subdat.
722 1282 940 1344 quaecumque
960 1283 1034 1347 ergo
1054 1264 1123 1328 eius
1138 1267 1269 1329 naturae

119 1373 284 1453 reguntur,
301 1389 336 1433 ea
352 1374 427 1434 sunt
446 1370 623 1434 masculina
643 1374 736 1453 atque
755 1371 903 1452 perfecta,
923 1390 1142 1453 quaecumque
1161 1375 1268 1436 autern

119 1476 187 1539 sine
221 1477 300 1540 dirae
333 1477 398 1541 ullo
436 1476 560 1559 plebeia
599 1476 733 1558 quadam
771 1478 1027 1561 praesumptione
1056 1477 1267 1543 dominantur.
1289 1500 1313 1538 ro

120 1582 212 1646 uelut
244 1582 385 1647 ciuitatis
417 1583 564 1661 alicuine,
599 1602 678 1665 quae
711 1585 796 1667 regis
830 1584 1095 1666 optimatiumque
1133 1586 1266 1650 oonsilio

119 1689 245 1772 priuata
268 1690 320 1766 sit,
345 1691 391 1754 ita
414 1689 553 1772 corporis
574 1690 623 1753 sui
643 1710 765 1754 ornnem
787 1694 907 1754 statum
927 1694 959 1754 et
978 1691 1101 1754 uirilem
1121 1690 1266 1775 uigorem

120 1795 267 1860 muliebri
291 1795 427 1877 quadam
451 1795 661 1861 dissolutione
681 1797 872 1863 effeminant.
897 1796 1001 1860 erbis
1021 1798 1076 1861 illa
1095 1798 1143 1861 lex
1163 1798 1266 1862 caruis

118 1906 178 1976 est,
199 1922 278 1985 quae
298 1903 402 1987 legam
417 1903 610 1986 apostolicae
626 1904 741 1968 mentis
756 1904 933 1988 inpugnans
949 1905 1108 1986 captiuam
1121 1904 1266 1968 trahebat
1333 1904 1352 1957 E

122 2010 255 2091 quadam
275 2011 347 2094 lege
365 2012 497 2093 peceati.
523 2016 554 2075 et
573 2011 643 2075 ideo
667 2015 703 2074 ut
727 2012 765 2075 de
789 2010 844 2075 illo
869 2011 979 2075 mortis
1004 2030 1132 2094 corpore
1155 2011 1262 2076 libera·
1285 2033 1310 2070 aa

120 2119 217 2194 retur,
249 2136 338 2199 spem
368 2137 456 2181 suam
485 2119 605 2182 Paulus
630 2138 754 2181 omnem
777 2137 837 2181 non
861 2118 893 2182 in
918 2137 975 2181 sua
999 2117 1129 2191 uirtute,
1154 2116 1264 2182 sedin

122 2223 241 2288 Christi
270 2225 372 2307 gratia
399 2225 578 2308 reponebat.
609 2224 689 2289 uude
716 2226 819 2306 liquet
847 2225 931 2306 quod
959 2225 1017 2288 hae
1050 2225 1266 2289 conmotiones

122 2350 202 2411 quae
233 2332 407 2394 secundum
436 2334 540 2416 legem
568 2333 682 2397 mentis
711 2336 786 2396 eunt
813 2341 894 2404 <en>
926 2331 1032 2396 diuino
1060 2331 1169 2395 fauore
1196 2351 1265 2413 pro·

75 2432 97 2494 5
123 2435 248 2514 cadunt,
278 2438 331 2500 alii
361 2443 465 2502 autern
497 2459 609 2503 sensus
638 2458 674 2503 ex
702 2438 867 2503 uoluntate
896 2458 1052 2520 corporea.
1084 2438 1140 2502 illa
1167 2439 1267 2522 igitur

123 2562 201 2624 quae
239 2548 348 2608 sancta
385 2550 460 2609 sunt
493 2546 657 2627 primitius
690 2549 765 2609 sunt
795 2550 975 2611 nostrorum
1008 2564 1170 2621 sensuum,
1204 2544 1310 2609 istam

122 2650 213 2713 uelut
241 2650 278 2715 de
307 2652 442 2732 quodam
472 2672 565 2735 grege
595 2656 669 2715 siant
696 2655 728 2715 et
756 2652 880 2717 uilitate
907 2652 1041 2734 plebeia,
1070 2652 1155 2734 quod
1179 2651 1265 2716 uarie

122 2757 249 2821 uidetur
286 2759 412 2840 Moyses
450 2759 630 2823 nominibus
668 2760 864 2842 significasse
902 2759 1037 2823 ludaeis.
1084 2759 1157 2824 hoe·
1182 2759 1263 2823 enim
1330 2759 1351 2813 F

121 2864 261 2928 declarat
293 2865 388 2928 etiam
422 2865 477 2928 illa
510 2885 582 2930 area
613 2867 694 2950 legis
727 2866 871 2949 mystica,
905 2867 942 2929 de
971 2886 1033 2948 qua
1062 2866 1120 2930 ait:
1154 2866 1266 2930 initia

122 2990 228 3033 areae
258 2975 344 3036 tuae
375 2975 410 3035 et
447 2972 555 3037 lacus
584 2973 639 3036 tui
674 2993 743 3038 uon
786 2973 995 3038 nouissima
1028 2973 1162 3048 facies;
1195 2972 1265 3055 pri-

122 3077 258 3141 mitiua
281 3079 450 3143 filiorum
476 3085 626 3144 tuorum
647 3080 754 3144 dabis
775 3080 876 3144 mihi.
902 3083 1028 3144 sanotae
1049 3070 1265 3144 conmotiones
1284 3097 1309 3135 2⁵

120 3204 273 3248 sensuum
308 3189 498 3263 nostrorum,
533 3206 614 3268 quae
652 3186 826 3250 seeundum
864 3186 1016 3250 uirtutem
1054 3190 1138 3266 sunt,
1175 3186 1265 3268 ipsae

211 3450 227 3501 3
246 3448 325 3502 Philo
346 3448 378 3502 de
398 3467 463 3502 sacr.
484 3450 517 3503 32
537 3450 609 3519 (183,
629 3451 676 3512 48;
696 3450 709 3502 I
729 3452 788 3513 245,
809 3451 825 3501 6
848 3449 887 3515 C.)
958 3449 974 3501 8
993 3448 1071 3502 Philo
1091 3447 1124 3501 de
1144 3464 1211 3501 sacr.
1231 3449 1265 3503 32

120 3538 194 3603 (134,
215 3537 454 3606 alasque.)
503 3540 534 3591 14
555 3539 629 3591 Rom.
651 3539 675 3599 i,
695 3539 729 3591 ‘23
778 3541 809 3593 15
829 3539 905 3593 Itoni.
927 3540 950 3601 l,
970 3539 1005 3590 24
1052 3537 1264 3599 rasennam

118 3628 155 3680 23
175 3626 257 3680 Exod.
278 3628 320 3689 22,
341 3627 374 3680 29
430 3629 463 3682 25
483 3627 561 3680 Philo
581 3627 614 3680 de
633 3643 700 3682 saer.
720 3628 754 3680 33
776 3628 846 3695 (184,
866 3629 913 3685 33:
934 3627 1026 3688 1246,
1048 3626 1080 3680 10
1102 3625 1143 3691 G.)

157 3787 173 3838 2
192 3786 293 3854 singuli
313 3803 360 3853 pro
380 3785 462 3839 ΗΜΛ
481 3784 596 3854 singulis
615 3791 662 3838 cet.
717 3787 733 3838 6
754 3785 948 3838 delectationes
968 3785 1085 3853 eorporis
1103 3783 1269 3836 ΒΜῬΡΤ

119 3874 137 3926 9
157 3873 304 3925 masculina
323 3871 346 3924 S
364 3872 402 3928 liu
420 3888 441 3924 s.
462 3877 500 3936 aa.)
558 3872 588 3924 ll
610 3873 835 3941 optimatiumque
855 3873 876 3925 S
894 3872 913 3940 (i
935 3873 982 3925 (alt.
1002 3879 1083 3936 arua)
1102 3871 1173 3925 BM‘
1192 3872 1265 3940 opti·

117 3967 275 4029 maturaque
300 3967 347 4013 cet.
439 3961 470 4012 li
495 3960 675 4028 respondebat
700 3960 786 4013 Sile
894 3961 960 4014 haec
984 3962 1010 4012 A
1034 3964 1060 4024 (o
1083 3963 1166 4023 erae.)
1186 3959 1266 4012 M¹P⁴

123 4049 155 4102 18
172 4068 233 4107 xexj»
255 4054 337 4102 tuate·
351 4049 482 4102 diamani
592 4051 623 4102 19
640 4051 781 4118 uoluptate
796 4050 836 4102 ed.
852 4050 931 4103 Rom.
1017 4049 1048 4102 21
1067 4046 1150 4116 quod]
1170 4063 1222 4117 que
1240 4047 1267 4100 P

122 4146 146 4204 io
161 4139 191 4189 in
205 4155 261 4194 roe.
278 4143 334 4202 rut)
436 4139 509 4191 uarie
522 4139 545 4188 l:
561 4139 672 4191 Monac.
689 4143 771 4191 2549
785 4157 855 4192 uana
865 4139 900 4191 M
915 4139 988 4192 traria
1003 4143 1049 4191 oei.
1158 4135 1267 4191 iudaeis

119 4227 206 4277 ΝΜ
226 4225 339 4279 diuersis
360 4227 557 4280 MBM‘PP‘V
608 4229 642 4280 26
662 4229 776 4281 uirtutes
796 4229 886 4281 AA⁴B
906 4234 931 4282 et
949 4230 989 4298 (es
1008 4244 1041 4281 ex
1059 4231 1084 4291 ἐ)
1104 4224 1147 4278 Μ’
