2836 4822
416 334 458 386 De
477 332 536 387 Noe
558 335 598 396 14,
618 335 653 388 49
692 335 716 402 (l
735 337 786 388 217
807 336 918 390 8-248
938 338 981 402 ll).
1215 343 1279 405 447

130 529 207 594 fecit
230 528 403 605 exordium,
433 530 494 594 nisi
522 529 701 594 inmanibus
732 531 857 597 delictis
887 536 972 596 esset
1001 534 1151 598 offensus.
1186 535 1280 598 sinrul

131 637 256 700 neniam
279 637 431 719 temporis
456 639 488 701 et
506 637 626 700 numeri
655 638 733 702 ratio
759 638 928 719 promittit,
953 639 1156 721 quodetiam
1182 641 1282 705 iratus

130 744 337 808 admoneatur
364 748 429 808 tarn
459 743 721 826 praecedentibus
751 745 856 809 causis
885 745 1109 811 beneficiorum
1139 767 1281 822 suorum,

130 855 167 915 ut
190 870 251 915 non
275 851 402 934 penitus
428 851 531 916 deleat
554 870 662 915 eorum
692 853 903 917 substantiam
933 873 1012 937 quos
1041 855 1109 937 ipse
1138 854 1279 922 donauit.

36 959 110 1020 49⁵
174 958 223 1023 Et
260 958 398 1041 erupti
437 961 533 1022 suut
570 977 703 1022 ornnes
741 958 877 1024 sontes
916 959 1055 1044 abyssi
1099 966 1137 1025 et
1179 965 1280 1025 cata-

131 1066 268 1128 ractae
294 1063 399 1129 caeli
424 1067 589 1145 apertae
614 1069 720 1128 sunt.
739 1065 804 1128 uim
826 1065 939 1129 diluuii
959 1067 1115 1148 scriptura
1135 1067 1281 1130 conueni-

131 1174 219 1235 enter
241 1171 397 1252 expressit
421 1170 528 1234 dicens
553 1170 677 1235 caelum
701 1175 732 1236 et
752 1174 865 1236 terram
885 1172 1002 1256 pariter
1021 1193 1091 1237 esse
1112 1178 1279 1247 conrnrota.

131 1298 167 1341 er
196 1279 311 1360 quibus
340 1278 505 1342 elementis
535 1280 659 1342 constat
686 1278 781 1342 istius
814 1280 924 1343 mundi
957 1300 1048 1344 omne
1079 1280 1278 1362 principium.
1308 1295 1329 1347 F

130 1384 270 1466 undique
300 1404 374 1467 ergo
399 1384 605 1449 influentibus
629 1404 782 1466 aquarum
805 1386 945 1450 rnolibns
969 1387 1155 1452 conclusnnr
1180 1406 1279 1471 genus

84 1513 111 1550 ro
131 1492 296 1556 bominum
319 1495 517 1575 perurgetur.
542 1493 619 1556 haec
640 1493 813 1556 secundun]
834 1494 985 1557 litterani.
1009 1494 1092 1575 quod
1113 1498 1219 1558 autem
1241 1493 1278 1556 ad

130 1599 273 1663 altiorem
299 1599 435 1683 pertinet
459 1618 599 1676 sensum,
625 1599 704 1663 caeli
728 1600 871 1683 symbolo
901 1620 990 1664 mens
1018 1600 1155 1665 bumana
1184 1602 1278 1683 signi-

129 1704 251 1782 ficatur,
287 1709 386 1769 terrae
419 1710 522 1769 antenr
559 1706 769 1788 appellatione
803 1727 918 1788 corpus
948 1711 979 1770 et
1008 1727 1131 1771 sensns.
1165 1728 1279 1792 magna

129 1812 228 1894 igitur
251 1813 424 1896 nanbagia.
449 1812 572 1893 quando
597 1813 713 1876 ruentis
738 1813 856 1894 pariter
884 1818 916 1876 et
944 1815 1084 1896 corporis
1114 1834 1279 1878 sensnum-

129 1938 189 1999 que
228 1919 367 1983 omniurn
406 1919 499 1983 turbo
534 1923 565 1982 et
598 1919 736 2001 procella
770 1920 952 1984 miscentur.
992 1920 1162 2003 diligenter
1195 1922 1279 1985 dicta

83 2046 109 2083 1⁵
128 2044 308 2107 pensemus.
342 2026 529 2108 plerumque
562 2026 648 2089 fraus
683 2026 799 2090 rnerrtis
830 2031 862 2090 et
891 2027 982 2091 dolus
1011 2047 1106 2091 suurn
1135 2033 1278 2093 exercent

128 2151 296 2208 uenenum,
312 2132 369 2195 sed
383 2135 488 2196 tanren
505 2132 661 2197 sobrietas
678 2133 817 2215 corporis
832 2135 864 2197 et
879 2134 1073 2197 continentia
1089 2134 1278 2198 obunrbrant

128 2239 243 2303 inentis
268 2239 514 2322 improbitatem.
540 2240 719 2321 frequenter
745 2238 865 2303 incerto
894 2238 966 2304 fidei
996 2244 1090 2321 atque
1120 2240 1276 2321 opinionis

129 2366 205 2410 snae
233 2365 322 2409 niens
350 2345 473 2410 lubrica
507 2348 565 2422 est,
600 2346 654 2409 sed
688 2349 792 2409 tamen
828 2366 898 2410 caro
932 2346 1054 2410 deliciis
1088 2351 1121 2411 et
1152 2347 1373 2430 luxuriaarssn

128 2457 232 2527 uacat,
257 2457 293 2517 ut
315 2453 482 2536 frugalitas
508 2472 642 2518 errorem
667 2453 784 2516 mentis
808 2457 946 2527 excuset.
972 2454 1055 2518 sicut
1079 2454 1172 2518 inulti
1202 2459 1277 2518 sunt

79 2581 108 2618 ιο
128 2560 368 2625 baereticorum.
393 2559 448 2641 qui
471 2559 674 2641 praetendere
696 2560 808 2624 uolunt
827 2561 966 2642 corporis
986 2561 1221 2635 continentiam,
1241 2569 1276 2625 nt

128 2667 297 2731 adsertioni
322 2686 398 2731 suae
423 2666 517 2731 fidem
542 2668 725 2731 testimonio
751 2667 873 2731 sobriae
894 2668 994 2731 carnis
1015 2668 1189 2751 adquirant.
1216 2668 1275 2732 etsi

127 2793 222 2838 sensu
250 2773 375 2850 lubrici,
404 2776 510 2838 tamen
540 2793 601 2855 quc
630 2775 735 2838 minus
764 2779 872 2857 turpes
901 2775 1061 2856 aliquanto
1090 2775 1276 2839 excusabili-

128 2900 196 2945 ores
216 2880 380 2944 lrabentur.
406 2899 477 2944 curn
498 2883 604 2945 antem
624 2900 743 2961 uenena
764 2880 878 2944 inentis
899 2884 930 2944 et
949 2881 1094 2966 contagia
1109 2901 1276 2963 corporeae

128 2987 332 3052 obscenitatis
371 3007 499 3052 sensuro
536 3005 661 3051 omnem
700 2987 906 3071 uigoremque
944 2987 1141 3052 confundunt
1181 2993 1276 3070 atque

80 3113 107 3154 2⁵
128 3093 250 3157 animus
283 3093 402 3157 incerto
434 3094 577 3158 lubricus
610 3097 709 3169 motu,
743 3094 883 3158 malitiae
916 3095 1053 3159 saetidus
1087 3099 1273 3170 atramento,
1302 3118 1323 3170 n

128 3199 325 3265 crudelitatis
353 3201 457 3264 furore
487 3219 659 3264 succensus
685 3201 780 3264 etiarn
805 3202 1019 3284 corporalibus
1044 3201 1175 3284 flagitiis
1199 3202 1273 3265 inci-

217 3478 320 3533 5Gen.
340 3479 364 3539 7,
386 3479 416 3532 ll
438 3478 517 3531 Philo
538 3477 649 3542 Quaest.
669 3478 696 3531 Il
719 3479 751 3532 18

163 3621 180 3672 4
200 3621 325 3688 paenitus
344 3621 371 3672 P
424 3624 439 3675 5
460 3621 549 3690 erupti
568 3620 648 3674 PTB
667 3627 692 3673 et
712 3625 736 3674 te
756 3625 837 3686 erus)
856 3622 880 3674 Τ
882 3622 888 3644 ¹
903 3622 976 3690 rupti
991 3626 1047 3682 cet..
1063 3622 1098 3689 cs.
1109 3639 1138 3689 p.
1157 3624 1225 3682 454,
1240 3624 1273 3673 13

165 3712 316 3763 catareetae
335 3709 362 3761 P
380 3714 531 3762 cataractae
551 3710 581 3762 N
603 3710 630 3778 (a
653 3715 712 3762 tert.
737 3710 768 3761 e'n
787 3726 844 3764 roa.
865 3714 921 3764 nr3r
1031 3710 1048 3763 8
1068 3726 1098 3762 ex
1118 3710 1173 3763 Pr
1191 3727 1204 3763 e
1224 3719 1271 3764 cet.

131 3799 159 3850 ll
182 3814 289 3850 sensum
308 3798 443 3866 Ptsensu
461 3799 579 3862 iuras)
653 3798 772 3850 bumana
790 3815 865 3850 mens
883 3798 1005 3852 brun
1058 3799 1090 3852 16
1110 3799 1229 3867 corporis
1249 3799 1276 3850 P

128 3889 185 3953 (m2
203 3903 236 3939 es
255 3889 378 3955 corpure)
400 3902 539 3955 corporurn
563 3886 588 3939 Τ
640 3887 675 3939 18
695 3885 799 3938 luxuria
817 3885 876 3938 ΤΟ
893 3886 994 3939 lusoria
1010 3886 1063 3939 PT
1080 3887 1199 3939 luxuriae
1214 3885 1276 3940 DN

127 3981 152 4028 et
171 3978 197 4037 (e
217 3980 298 4040 erus.)
319 3974 352 4026 M
371 3974 506 4028 luxuriosa
527 3991 589 4030 rona.
609 3977 646 4035 et)
667 3974 694 4025 B
751 3975 783 4027 19
802 3974 937 4042 fragilitas
957 3973 1105 4027 DNBCM
1174 3975 1272 4027 ruentis

127 4079 178 4116 om.
198 4062 224 4114 B
324 4064 355 4116 21
379 4061 541 4115 adsertionis
565 4061 675 4115 TDNB
772 4063 1040 4132 2300r1:›oreeP(e
1061 4064 1108 4115 ult.
1129 4080 1162 4116 ex
1181 4080 1195 4115 a
1215 4067 1271 4129 nr2)

126 4152 160 4205 24
180 4168 340 4220 omnemque
360 4151 481 4221 uigorenr
495 4151 523 4204 B
572 4152 606 4204 25
626 4150 728 4204 fetidos
748 4151 774 4203 B
794 4152 870 4221 lodus
890 4152 921 4204 N
937 4151 1014 4204 ledus
1034 4152 1077 4204 1)(
1084 4153 1123 4205 ’Μ
1176 4154 1210 4205 ‘26
1229 4152 1271 4204 ln·

127 4257 185 4293 rore
205 4240 232 4293 P
251 4244 274 4304 (l
291 4241 322 4292 in
341 4241 409 4308 rus.)
