2836 4822
132 351 197 413 466
597 347 796 400 Ambrosii

133 543 255 627 generis
288 542 417 606 humani
450 543 502 606 uel
536 543 691 608 abolitum
723 541 887 605 uideretur
919 540 949 604 in
979 541 1072 604 terris
1102 541 1155 604 uel
1185 561 1203 605 a
1231 541 1281 604 dei

133 650 294 713 abscisum
318 651 420 732 gratia
443 650 683 731 relinqueretur.

81 754 121 816 72
178 757 225 819 111
248 756 472 820 denudauit
494 756 600 839 inquit
623 755 703 820 Noe
727 759 881 821 tectum
906 773 1031 819 arcae.
1066 773 1139 818 cum
1165 774 1279 831 arcam,

134 864 217 927 sicut
237 883 332 944 supra
351 863 548 945 interpretati
568 882 690 936 sumus,
711 883 766 944 pro
780 865 885 946 specie
900 863 1037 946 corporis
1053 863 1279 944 acceperimus,

133 969 209 1052 quid
240 971 281 1033 sit
316 970 472 1034 denudare
506 988 620 1051 corpus
652 970 888 1053 intellegamus,
922 969 1096 1033 secundum
1135 968 1277 1033 altiorem
1309 989 1320 1026 s

134 1077 257 1142 scilieet
285 1096 424 1141 sensum.
459 1079 599 1140 ceterum
626 1076 729 1158 liquet
752 1076 1018 1158 quemadmodum
1044 1094 1116 1139 arca
1138 1076 1280 1157 potuerit

133 1185 244 1268 aperiri
269 1184 442 1248 seeundum
463 1183 612 1247 litteram.
638 1183 714 1264 quid
733 1183 831 1266 igitur
850 1186 970 1247 tectum
990 1183 1129 1264 corporis
1149 1182 1278 1246 humani

133 1292 184 1369 sit.
210 1290 293 1374 quod
318 1291 461 1354 clausum
486 1290 515 1352 in
541 1289 662 1353 diluuio
687 1289 758 1357 fuit.
783 1291 842 1353 nisi
866 1289 947 1352 forte
967 1289 1208 1353 delectationem
1230 1309 1277 1352 ac·
1318 1302 1362 1356 259

132 1399 297 1480 cipiamus.
322 1417 401 1480 quae
426 1397 586 1479 operiebat
608 1395 668 1461 hoc
693 1416 807 1478 corpus
826 1401 970 1461 nostrum
989 1400 1022 1460 et
1040 1396 1131 1479 quasi
1150 1397 1278 1480 tegebat

131 1525 186 1587 per·
217 1506 308 1569 illum
342 1504 429 1568 Adae
462 1507 617 1568 errorem?
651 1507 683 1567 et
711 1523 746 1567 eo
775 1504 910 1568 maxime
937 1503 1014 1568 tecti
1043 1503 1157 1568 similis
1186 1505 1278 1567 aesti-
1298 1525 1319 1562 11

132 1614 247 1688 matur,
281 1613 355 1693 quia
388 1629 500 1676 sensus
534 1610 635 1674 omnis
668 1610 698 1673 in
733 1611 846 1694 capite,
879 1609 951 1675 inde
985 1610 1165 1684 delectatio,
1199 1630 1278 1692 quae

132 1737 245 1801 corpus
266 1738 358 1781 omne
378 1718 555 1782 subiectum
581 1718 726 1784 habehat.
748 1719 803 1782 sed
824 1718 878 1782 ubi
898 1737 987 1781 mens
1006 1718 1083 1782 iusti
1098 1719 1159 1781 uiri
1175 1719 1278 1782 sobria

132 1833 226 1906 utque
265 1825 388 1908 integra
421 1846 438 1888 a
472 1826 670 1906 corruptione
704 1824 817 1889 diluuii
851 1825 976 1889 diuinae
1010 1824 1201 1908 cognitionis
1234 1826 1278 1888 in·

132 1932 292 1996 flammata
321 1932 476 1996 desiderio
506 1933 611 1995 exilire
641 1937 734 2014 atque
763 1932 887 1996 euolare
915 1931 1021 1995 uoluit
1048 1932 1078 1994 in
1105 1932 1277 2012 superiora,

133 2038 250 2102 detexit
278 2039 383 2103 omnia
407 2058 486 2121 quae
511 2043 599 2102 erant
621 2039 847 2121 impedimento
871 2043 903 2102 ot
926 2038 1064 2120 speciem
1089 2037 1277 2117 uoluptatis,
1297 2059 1317 2096 11

132 2165 211 2228 quae
236 2144 371 2227 quodam
393 2145 586 2226 operimento
607 2151 728 2209 ceteras
747 2148 852 2226 partes
871 2144 1000 2228 tegebat
1019 2144 1170 2226 corporis,
1189 2143 1276 2208 redo·
1330 2143 1348 2196 B

132 2253 237 2335 peruit
260 2271 296 2316 ac
319 2252 442 2326 retexit,
466 2257 503 2315 ut
525 2272 585 2315 non
611 2254 715 2315 solum
741 2269 854 2333 corpus
874 2270 891 2314 a
912 2250 1041 2316 seruitio
1062 2251 1276 2316 dominatricis

132 2358 282 2442 ignobilis
314 2358 472 2434 liberaret,
505 2377 616 2421 uerum
650 2358 744 2420 etiam
779 2376 816 2420 en
848 2377 927 2438 quae
957 2362 1043 2422 erant
1070 2358 1276 2440 incorporalia

133 2464 427 2544 comprehenderem
454 2484 532 2547 quae
552 2465 634 2528 enim
654 2483 713 2528 non
734 2464 883 2528 uidentur
902 2467 1028 2529 aeterna
1047 2470 1131 2530 sunt.
1156 2469 1189 2529 et
1207 2466 1276 2530 ideo

132 2572 239 2635 iustus
273 2591 365 2652 quem
400 2591 460 2635 uon
499 2572 628 2636 uidebat
665 2571 827 2636 dominum
864 2572 1045 2654 requirebat
1081 2573 1318 2654 corruptelae‘tu

81 2680 121 2744 73
133 2698 232 2743 exors.
262 2679 398 2759 cupidus
427 2678 633 2743 aeternitatis,
667 2678 750 2762 quod
780 2683 885 2743 autem
910 2679 955 2742 ait
977 2680 1113 2761 primum
1136 2698 1275 2743 mensem

133 2785 184 2848 uel
218 2785 392 2849 secundum
421 2805 557 2867 eumque
586 2805 656 2850 esse
685 2786 773 2850 uerni
801 2785 955 2868 temporis
988 2785 1081 2861 diem,
1114 2785 1213 2849 habes
1246 2790 1277 2848 et
1333 2779 1350 2836 0

133 2892 208 2955 alihi
233 2891 373 2956 dietum:
397 2891 462 2955 hic
486 2892 638 2956 mensis
662 2893 817 2975 primus
837 2893 916 2956 erit
934 2892 1053 2956 uobis
1074 2892 1110 2955 in
1131 2891 1275 2955 diehus

133 2999 235 3062 anni.
269 2999 322 3080 qni
351 2999 434 3062 enim
463 2998 493 3061 in
523 2999 625 3081 gratia
651 3000 773 3080 primus
801 3002 875 3082 post
902 2999 1089 3080 perieulum,
1118 2998 1169 3061 hic
1193 3002 1276 3062 recte

79 3105 383 3188 rap-aerogauuam
402 3105 495 3187 primi
516 3105 632 3168 mensis
653 3107 784 3186 accepit.
809 3111 897 3169 nete
917 3109 1022 3169 autom
1042 3108 1170 3168 moueat
1193 3105 1277 3187 quod
1293 3115 1318 3154 ¹⁶

133 3211 267 3275 diximus
287 3231 381 3294 supra
399 3212 511 3276 folium
531 3211 561 3274 in
582 3231 668 3275 ramo
688 3216 846 3294 repertum
865 3217 939 3295 post
957 3211 1114 3275 diluuium
1133 3212 1276 3294 potuisse

133 3317 283 3401 generari,
314 3318 374 3381 etsi
404 3318 462 3380 sub
492 3337 573 3400 aqua
595 3317 782 3401 plerumque
805 3318 919 3382 herbae
944 3319 1067 3382 soleant
1089 3319 1275 3402 germinare,

132 3433 236 3488 tamen
260 3429 297 3487 ut
321 3425 490 3506 scrupulus
515 3423 617 3488 omnis
636 3425 740 3506 possit
759 3424 884 3500 auferri,
905 3424 979 3506 quid
1000 3444 1151 3508 magnum
1171 3425 1198 3490 si
1218 3424 1275 3487 deo

220 3686 235 3738 3
256 3683 322 3738 Gen.
342 3683 367 3746 8,
389 3685 421 3737 13
441 3683 520 3737 Ρ111111
542 3683 652 3748 Quaest.
672 3684 752 3737 1146
806 3687 824 3737 4
844 3684 876 3738 cf.
897 3688 960 3737 sect.
983 3684 1014 3737 13
1034 3700 1092 3753 sqq.
1153 3686 1184 3738 21
1208 3683 1274 3742 Gen.

131 3774 155 3837 8,
177 3774 268 3842 resq.
338 3774 371 3827 23
391 3773 474 3826 Exod.
495 3775 573 3836 12,2
628 3774 662 3827 25
681 3773 760 3826 Philo
781 3772 890 3837 Quaest.
910 3772 938 3825 ΙΙ
957 3773 991 3826 47
1047 3772 1275 3827 2611111161

166 3897 337 3952 5111111111
360 3899 384 3951 Τ
404 3897 533 3952 denudari
551 3897 579 3949 P
597 3897 641 3962 (de
661 3914 693 3950 ex
712 3896 739 3949 di
759 3902 815 3963 m3)
836 3904 884 3951 oet.
961 3899 976 3950 7
997 3896 1062 3967 quid
1085 3897 1185 3951 T‘NM
1203 3898 1276 3966 quod

130 3992 176 4039 eet
231 3986 248 4039 8
268 4003 325 4050 cum
347 3989 418 4054 (exp.
438 3990 494 4052 1113)
516 3986 678 4055 accipiemus
692 3986 720 4038 P
771 3986 802 4037 10
820 3986 886 4038 tecti
905 3986 930 4038 Τ
946 3985 1027 4038 tectis
1041 3986 1068 4038 P
1088 3989 1110 4047 (s
1130 3990 1275 4044 eresloch

132 4075 164 4127 12
185 4075 234 4127 uiri
254 4075 319 4129 iusti
338 4075 365 4127 Β
458 4079 489 4129 15
510 4079 586 4127 crant
604 4075 631 4127 P
649 4074 676 4143 (u
696 4091 716 4127 s.
736 4078 775 4141 u.)
849 4074 999 4143 uoluptatis
1022 4073 1108 4127 ΤΗΝ
1123 4074 1276 4128 uoluntatis

130 4169 176 4216 eet.
234 4163 266 4215 19
287 4163 560 4232 compraehenderent
578 4163 605 4215 P
658 4164 689 4216 21
712 4180 800 4216 exsors
822 4163 883 4216 T‘B
937 4164 970 4217 25
990 4180 1039 4217 nec
1061 4162 1114 4216 ΤΒ
1178 4165 1211 4217 27
1232 4181 1276 4217 sc·

128 4251 187 4304 lent
205 4252 232 4303 B
