2836 4822
386 365 535 419 Eranreron
553 364 567 418 I
586 365 611 428 6,
630 365 664 418 22
703 364 727 430 (l
748 365 777 417 11
801 363 894 417 11-12
913 363 957 429 Α).
1225 365 1265 427 19

125 557 268 623 instabile
296 563 390 643 atque
418 560 510 625 inane
535 560 659 625 stabilis
683 565 876 643 perseueret,
901 560 986 624 sicut
1008 557 1114 623 Dauid
1139 575 1265 640 quoque

125 665 273 748 propbeta
299 671 436 733 testatur
469 668 596 734 dicens:
629 669 806 733 fundauit
837 671 973 733 terram
1007 685 1119 749 super·
1151 663 1265 728 firmi-

124 772 238 836 tatem
277 775 377 840 eius:
414 795 484 840 non
520 776 772 841 inclinabitur
807 777 842 840 in
878 775 1071 841 saeculum
1105 772 1262 837 saeculi.

124 897 182 943 non
214 881 326 963 utique
357 884 409 948 hic
442 884 533 965 quasi
566 884 785 949 tantummodo
820 884 930 948 artifex
963 881 1051 958 deus,
1086 880 1140 945 sed
1174 878 1264 962 qnasi
1302 928 1304 932 »

98 986 322 1068 somnipotens
351 989 561 1071 praedicatur,
592 993 647 1074 qui
675 1011 736 1056 non
766 994 872 1056 centro
896 990 1032 1073 quodam
1056 992 1182 1063 terram,
1208 986 1265 1050 sed

122 1095 279 1177 praecepti
320 1096 371 1160 sui
413 1098 615 1180 suspenderit
660 1098 856 1162 firmamento
903 1116 960 1161 neo
1007 1114 1075 1158 eam
1121 1092 1264 1157 inclinari

120 1199 267 1279 patiatur.
292 1221 352 1266 non
377 1222 450 1287 ergo
471 1224 649 1270 mensuram
670 1205 779 1280 centri,
799 1205 854 1269 sed
873 1203 984 1268 iudicii
1004 1200 1105 1265 diuini
1124 1199 1265 1282 accipere
1284 1207 1305 1260 Ε

121 1303 283 1386 debemus,
307 1309 466 1392 quianon
491 1313 567 1377 artis
591 1332 739 1378 mensura
763 1317 822 1391 est,
843 1311 898 1376 sed
917 1309 1099 1393 potestatis,
1118 1325 1265 1371 mensura

121 1411 270 1492 institiae,
299 1436 447 1481 mensura
476 1420 676 1503 cognitionis,
706 1421 780 1502 quia
808 1418 911 1484 omnia
943 1436 1003 1482 non
1036 1419 1187 1497 tanquam
1218 1413 1264 1476 in-

84 1540 105 1580 ro
120 1537 229 1585 mensa
261 1527 459 1605 praetereant
490 1527 559 1591 eius
593 1528 769 1605 scientiam,
803 1526 859 1591 sed
887 1521 1061 1609 cognitioni
1090 1522 1158 1585 eius
1196 1524 1264 1583 tan-

121 1645 213 1707 quam
244 1628 386 1695 dimensa
419 1632 611 1699 subiaceant.
646 1653 748 1717 nequo
783 1634 866 1698 onim
899 1650 972 1697 oum
1005 1629 1162 1712 legimus:
1196 1645 1263 1710 ego

120 1736 347 1801 confirmaui
377 1740 569 1804 columnas
599 1742 692 1819 eius,
720 1761 794 1806 uere
824 1738 981 1805 columnis
1006 1756 1074 1801 eam
1098 1733 1262 1800 subnixam

119 1860 290 1922 possumus
328 1845 600 1925 aestimare-sed
637 1868 673 1913 ea
705 1849 835 1925 uirtute,
869 1865 950 1929 quae
984 1842 1159 1909 subluloiat
1190 1841 1263 1905 sub-

120 1948 270 2013 stantiam
297 1955 398 2016 terrae
427 1956 521 2035 atque
550 1955 716 2021 sustineat.
746 1955 880 2037 denique
910 1971 1005 2035 quam
1037 1951 1070 2013 iu
1103 1951 1263 2030 potestate

80 2071 103 2111 u
119 2051 169 2115 dei
193 2055 237 2118 sit
259 2060 359 2121 terrae
379 2060 564 2125 constitutio
584 2061 680 2125 etiam
698 2061 773 2124 hinc
793 2060 920 2143 collige,
940 2057 1088 2140 quoniam
1108 2055 1262 2136 scripturn
1282 2059 1304 2112 F

120 2162 187 2223 est:
217 2162 280 2242 qui
309 2164 451 2246 aspicit
478 2171 613 2230 terram
643 2171 680 2231 et
707 2167 800 2232 lacit
824 2185 901 2231 eam
924 2167 1085 2229 tremere
1109 2166 1141 2226 ot
1165 2161 1258 2224 alibi:

119 2264 239 2331 adhue
268 2288 334 2352 ego
363 2275 480 2337 semel
504 2274 680 2340 concutio
704 2277 852 2338 terram.
878 2290 940 2336 uon
965 2290 1039 2353 ergo
1064 2268 1263 2333 libramentis

118 2371 187 2433 suis
224 2374 385 2441 inmobilis
422 2384 538 2456 manet,
572 2381 628 2445 sed
660 2381 839 2463 frequenter
872 2378 923 2442 dei
955 2380 1036 2441 nutu
1069 2380 1101 2438 et
1133 2373 1262 2438 arbitrio

117 2486 349 2559 commouetur‚
379 2484 465 2550 sicut
491 2491 523 2552 et
549 2488 605 2552 Iob
635 2487 714 2551 dicit
742 2487 818 2569 quia
846 2484 1019 2550 dominus
1053 2484 1263 2546 commouet

73 2599 196 2645 acam
240 2605 258 2649 a
298 2588 565 2672 fundamentis,
608 2593 801 2677 columnae
844 2594 966 2656 autern
1014 2588 1095 2652 eius
1142 2588 1262 2668 exagi-

114 2692 249 2753 tantur
273 2696 305 2756 et
327 2695 421 2761 alibi:
445 2701 541 2765 nuda
564 2701 711 2764 inferna
733 2700 767 2762 in
794 2699 999 2779 conspectu
1024 2695 1117 2771 eius,
1138 2697 1174 2756 et
1193 2712 1262 2757 non

112 2797 175 2857 est
203 2799 315 2862 morti
344 2801 593 2873 inuolucrunr.
624 2806 827 2870 extendens
856 2804 1005 2867 boream
1033 2820 1098 2883 pro
1127 2799 1261 2872 nihilo,

110 2903 353 2982 suspendens
376 2912 511 2978 terram
536 2914 572 2977 in
597 2913 729 2990 nihilo,
755 2910 918 2994 alligans
943 2927 1075 2990 aquam
1098 2907 1134 2970 in
1158 2906 1262 2970 nubi·

108 3002 180 3068 bus
214 3008 308 3073 suis.
337 3015 529 3087 columnae
560 3019 657 3082 caeli
687 3018 940 3083 euolaueruut
964 3019 1001 3079 et
1025 3019 1261 3097 expauerunt

65 3107 151 3171 aab
192 3111 452 3198 increpatione
495 3127 593 3192 eius.
636 3125 782 3188 uirtute
823 3122 1022 3206 mitigauit
1062 3140 1172 3197 mare,
1215 3120 1263 3184 di-

103 3216 280 3298 sciplina
307 3225 442 3295 strauit
472 3237 614 3308 cetum,
644 3231 814 3294 claustra
842 3233 966 3295 autem
995 3228 1092 3292 caeli
1125 3227 1262 3290 timent
1283 3231 1352 3285 121

101 3339 200 3386 eum.
227 3327 391 3397 uoluntate
418 3337 520 3422 igitur
551 3336 603 3400 dei
631 3336 794 3401 inmobilis
822 3341 928 3401 manet
957 3340 989 3400 et
1016 3339 1095 3399 stat
1122 3334 1158 3398 in
1188 3352 1263 3397 sae·

197 3516 215 3567 2
235 3515 333 3571 Psalrn.
346 3520 434 3580 eills
475 3532 506 3586 11
525 3525 630 3583 Psalm.
645 3526 774 3580 Lxxllll
787 3527 804 3580 4
818 3527 881 3580 Bas.
901 3527 936 3580 24
956 3528 977 3580 Α
998 3524 1077 3590 (91))
1116 3525 1149 3577 16
1166 3523 1264 3576 Psalnr.

99 3600 167 3656 CIII
189 3604 228 3657 32
286 3607 316 3661 17
334 3609 401 3681 Agg.
422 3619 485 3682 ‘2‚6
550 3617 584 3670 19
605 3616 653 3670 lob
673 3617 734 3680 ab
790 3618 823 3671 21
844 3617 892 3672 Iob
912 3619 955 3679 26,
976 3615 1046 3671 6-8
1101 3615 1135 3666 24
1153 3613 1202 3667 Iob
1221 3614 1265 3669 26.

100 3691 215 3746 11-13
272 3694 474 3765 aramius

136 3815 329 3882 lpersineret
349 3820 371 3872 C
388 3827 469 3887 (corr,
489 3834 554 3894 ma)
594 3828 828 3882 armamentum
848 3830 882 3883 N
914 3831 1022 3883 bterra
1044 3828 1066 3879 (Υ
1085 3832 1111 3892 (a
1131 3829 1265 3880 exsors-n

98 3899 264 3969 itan(luam
277 3904 498 3985 (.'m1tomqucm
511 3918 539 3971 C
547 3920 596 3969 m3
607 3922 654 3970 cet.
696 3919 729 3972 10
743 3921 874 3986 tanquam
888 3918 911 3970 C
923 3921 1061 3986 tamquam
1075 3922 1122 3970 cet.
1162 3916 1195 3968 13
1210 3915 1266 3967 suf·

100 3988 201 4041 fulciat
222 3989 279 4044 VN
340 3996 372 4049 14
391 4009 537 4061 susteneat
561 4003 585 4055 (1
603 4007 683 4071 (corr.
704 4008 762 4075 m2)
837 4025 919 4076 quarn
940 4016 972 4071 (s.
992 4010 1039 4059 mal
1059 4006 1132 4074 qnia)
1147 4004 1183 4056 Μ
1201 4021 1266 4072 qus·

101 4075 142 4141 1ιιη
163 4095 216 4145 ml·
237 4085 284 4133 ”²2
303 4084 379 4151 (111181
398 4092 432 4147 11
452 4113 506 4166 qua
526 4096 552 4150 a
627 4096 660 4148 23
681 4096 767 4149 nihilo
789 4095 946 4150 (7nibiluur
966 4101 1014 4150 cel.
1089 4092 1267 4159 *2511311111-

103 4179 165 4218 nam
189 4165 211 4218 Π
233 4170 361 4236 (merab
382 4177 416 4245 P)
489 4187 525 4239 26
546 4184 647 4237 strauit
668 4184 871 4254 Grn2inmp.
893 4187 920 4237 b·
940 4186 1051 4240 instruit
1072 4182 1095 4236 11
1177 4190 1266 4234 cetunr

108 4250 163 4309 Va*
186 4263 296 4312 coetum
316 4269 363 4316 cet.
1159 4286 1161 4291 ¹

1204 4374 1235 4429 2*
