2836 4822
156 343 220 405 154
629 339 827 391 Ambrosii

153 532 295 597 incultus
333 534 400 595 est:
437 531 535 595 semel
571 533 702 612 placuit.
744 531 899 613 numquid
942 531 991 594 uir
1031 531 1210 613 frequenter
1252 535 1302 595 est

155 639 345 723 eligendus?
375 657 552 720 comparem
582 657 676 702 suum
706 641 738 701 et
764 638 822 702 bos
851 636 983 718 requirit
1011 641 1043 701 et
1070 657 1171 719 equus
1196 638 1302 721 diligit

156 749 197 823 et,
231 745 258 809 si
290 749 432 810 mutetur
464 745 557 822 alius,
589 748 695 809 tamen
728 744 851 807 trahere
888 744 1000 826 iugum
1037 744 1138 808 nesoit
1175 763 1303 828 compar

156 853 286 917 alterius
320 856 352 917 et
379 872 412 916 se
440 872 502 916 non
530 854 634 916 totum
662 855 773 934 putat:
802 855 837 914 tu
865 850 1005 933 iugalem
1034 852 1180 935 repudias
1209 857 1302 918 tuum

156 963 189 1024 et
226 963 320 1042 putas
357 978 449 1041 saepe
483 958 668 1022 mutandum
702 962 743 1033 et,
777 958 805 1022 si
838 977 899 1022 uno
934 957 1069 1021 defuerit
1101 958 1161 1036 die,
1195 979 1301 1040 super·
1332 985 1343 1023 a

157 1066 247 1130 dueis
280 1067 413 1130 riualem
445 1069 477 1129 et
510 1065 618 1129 statim
652 1064 813 1148 incognita
846 1084 941 1128 eausa
974 1065 1065 1146 quasi
1098 1065 1226 1148 cognita
1257 1066 1302 1129 in·

157 1173 270 1237 iuriam
293 1172 424 1254 pudoris
449 1172 638 1254 exsequeris.
663 1173 771 1254 uipera
794 1171 958 1235 absentem
977 1172 1119 1253 requirit.
1140 1173 1303 1237 absent-em
1364 1181 1410 1234 87⁴

157 1281 252 1343 uocat
280 1282 313 1341 et
340 1278 454 1342 blando
483 1277 658 1359 proclamat
686 1277 779 1340 sibilo
808 1280 913 1359 atque,
943 1277 998 1341 nbi
1025 1277 1196 1342 aduentare
1220 1298 1304 1343 oom-

156 1405 264 1468 parem
288 1384 432 1455 senserit,
456 1402 613 1447 uenenum
639 1383 760 1446 euomit
781 1383 990 1447 reuerentiam
1015 1384 1126 1448 marito
1152 1384 1304 1464 deferens,

158 1491 371 1557 uerecundata
397 1491 573 1573 nuptialem
601 1490 755 1574 gratiam:
784 1493 831 1565 tu,
861 1491 984 1567 mulier,
1013 1491 1232 1556 aduenientem
1266 1493 1304 1556 de
1323 1516 1347 1556 ro

157 1599 330 1683 longinquo
368 1597 517 1662 maritum
555 1597 755 1662 contumeliis
792 1598 930 1680 repellis.
969 1597 1077 1680 uipera
1114 1618 1198 1662 mure
1236 1617 1305 1682 pro·

160 1709 292 1789 spectat,
317 1705 458 1786 explorat
481 1704 541 1768 iter
564 1703 728 1791 coniugis:
753 1708 788 1767 tu
813 1704 935 1768 iniuriis
960 1704 1045 1769 uiam
1065 1705 1133 1769 uiro
1155 1706 1304 1782 obstruis,

159 1818 195 1877 tu
223 1812 330 1875 litium
358 1830 469 1874 moues
498 1831 630 1887 uenena,
660 1830 719 1875 non
748 1811 853 1889 reioir,
882 1815 917 1875 tu
942 1812 1118 1894 coniugalis
1143 1814 1305 1894 amplexus

159 1923 301 2000 tempore
336 1917 440 1981 dirum
477 1918 565 1980 uirus
604 1923 768 1983 exaestuas
805 1936 862 1982 nee
895 1918 1056 1982 erubescis
1090 1920 1217 2000 nuptias
1249 1938 1305 1983 nee

159 2024 312 2089 reuereris
336 2023 495 2088 maritum.
1325 2045 1349 2086 ra

118 2140 159 2203 19
206 2130 269 2196 Sed
306 2129 400 2193 etiam
437 2133 484 2206 tu,
517 2130 567 2193 uir
599 2168 640 2176 -
674 2149 846 2211 possumus
880 2131 976 2195 etiam
1010 2132 1056 2195 sic
1089 2131 1230 2215 aooipere
1262 2169 1305 2177 -
1364 2141 1385 2195 Β

161 2237 282 2319 depone
306 2239 464 2300 tumorem
488 2236 603 2314 cordis,
628 2237 832 2319 asperitatem
856 2257 990 2314 morum,
1016 2258 1088 2302 oum
1112 2238 1172 2302 tibi
1195 2237 1306 2303 sedula

161 2362 239 2407 uxor
263 2343 409 2419 occurrit,
434 2343 575 2426 propelle
598 2342 858 2426 indignationem.
885 2363 958 2408 eum
980 2344 1096 2408 blanda
1115 2345 1249 2410 coniunx
1268 2343 1307 2407 ad

163 2451 326 2514 caritatem
368 2454 530 2531 prouocat.
573 2469 633 2514 non
677 2470 710 2515 es
753 2451 910 2527 dominus,
954 2452 1010 2516 sed
1056 2453 1200 2527 maritus,
1247 2473 1307 2516 non

162 2557 307 2621 ancillam
346 2557 479 2620 sortitus
518 2576 561 2630 es,
601 2556 656 2620 sed
694 2577 831 2622 uxorem.
866 2560 1108 2641 gubernatorem
1141 2563 1171 2622 te
1205 2559 1350 2623 uoluitro

162 2662 240 2728 deus
273 2683 342 2727 esse
375 2683 468 2728 sexus
501 2663 668 2740 inferioris,
701 2685 762 2728 non
795 2669 1041 2748 praepotentem.
1074 2665 1169 2730 redde
1202 2665 1307 2731 studio

162 2771 276 2846 uicem,
309 2771 402 2835 redde
435 2771 534 2835 amori
567 2775 711 2855 gratiam.
744 2772 854 2854 uipera
887 2791 1044 2836 uenenum
1072 2792 1165 2837 suum
1190 2771 1307 2835 fundit:

162 2879 198 2940 tu
222 2895 282 2940 non
308 2879 398 2957 potes
424 2875 573 2940 duritiam
597 2876 713 2940 mentis
738 2877 920 2958 deponere?
942 2878 997 2941 sed
1017 2877 1113 2941 habes
1133 2878 1307 2941 naturalem
1367 2887 1387 2944 d

161 2982 316 3066 rigorem:
351 2982 446 3047 debes
479 2986 654 3064 temperare
688 3003 760 3046 enm
798 2983 1063 3066 contemplatione
1101 2983 1242 3066 coniugii
1278 2986 1310 3046 et

162 3089 339 3153 reuerentia
372 3089 604 3153 coniunctionis
638 3090 775 3171 deponas
809 3090 906 3154 animi
938 3089 1106 3156 feritatem.
1138 3093 1246 3173 potest
1278 3092 1310 3153 et
1327 3109 1351 3148 25

162 3194 227 3258 sie:
266 3195 364 3259 nolite
403 3214 560 3276 quaerere,
599 3193 669 3271 uiri,
708 3195 847 3258 alienum
884 3198 1000 3273 torum,
1038 3194 1135 3259 nolite
1167 3194 1310 3259 insidiari

256 3445 287 3498 16
307 3445 370 3497 Bas.
392 3445 442 3497 160
463 3442 508 3497 CD
531 3443 576 3506 (68
595 3443 627 3508 C)

200 3621 325 3673 dtuturn
345 3621 476 3673 1112Ρᾶ
537 3621 553 3672 5
574 3618 730 3688 superducis
749 3619 861 3672 riualem
881 3617 933 3669 llB
953 3623 1080 3688 suspecta
1098 3620 1209 3673 riualem
1231 3637 1259 3672 es
1277 3619 1313 3672 M

165 3712 204 3776 (es
223 3725 256 3761 ea
276 3714 327 3774 est)
348 3709 370 3761 S
388 3709 534 3778 suspicaris
555 3708 644 3774 (iearis
664 3713 711 3762 m2
729 3709 760 3761 tn
772 3724 829 3761 aaa.
848 3708 942 3777 ella.)
956 3709 1068 3761 riualem
1083 3709 1116 3773 (ri
1129 3724 1150 3761 a.
1165 3725 1193 3763 a.
1206 3711 1263 3775 m2)
1278 3708 1310 3764 u‘

165 3795 311 3865 disceptari
333 3799 455 3851 uolumus
474 3798 542 3853 llM‘
607 3796 752 3865 6pudoris
773 3798 925 3865 exsequeris
944 3797 1068 3849 iniuriam
1086 3795 1119 3849 N
1177 3797 1211 3850 13
1229 3813 1311 3850 uene·

165 3901 228 3938 num
248 3885 325 3941 tl¹M¹
383 3887 414 3939 16
434 3888 517 3939 etiem
537 3884 560 3938 ll
581 3887 651 3939 enim
671 3887 752 3939 etium
771 3884 804 3938 N
857 3886 888 3938 la
909 3887 1020 3938 coniunx
1039 3885 1128 3938 Brea
1152 3885 1219 3939 Tell.
1239 3890 1264 3938 et
1282 3889 1310 3949 (n

164 3989 185 4026 a.
205 3978 244 4038 a.)
264 3974 332 4028 Diu.
353 3975 448 4028 coniux
467 3981 513 4028 eet.
559 3976 593 4027 20
612 3975 700 4027 uoluit
719 3974 785 4027 deus
803 3974 881 4027 CGP
899 3973 965 4026 deus
985 3974 1073 4026 uoluit
1087 3979 1138 4045 eet.
1183 3975 1218 4027 22
1237 3991 1309 4028 amo·

164 4062 200 4115 ris
222 4062 247 4116 G
312 4065 346 4116 24
365 4068 392 4117 et
411 4081 461 4117 om.
480 4064 513 4116 N
571 4066 604 4117 25
625 4063 744 4132 deponas
763 4063 861 4130 scripsi
880 4063 998 4131 deponet
1017 4061 1069 4115 llB
1088 4062 1206 4131 deponet
1227 4062 1309 4117 Cara.

165 4149 297 4218 deponere
319 4151 493 4205 Cenonruaua
510 4153 724 4218 Mcuera‘aorunr;
748 4151 866 4221 deponas
890 4152 972 4204 animi
991 4151 1127 4204 feritatem
1146 4167 1198 4204 om.
1217 4149 1313 4204 N‘MS

201 4244 292 4306 potest
311 4245 339 4292 et
358 4241 395 4293 sic
415 4257 465 4294 arra.
486 4239 509 4291 ss
