2836 4822
348 343 496 397 Exameron
515 343 556 398 lll
577 345 618 409 17,
639 346 680 400 71.
701 345 735 399 72
774 342 798 408 (Ι
817 344 848 398 61
869 343 963 398 A-oa
983 344 1028 408 D).
1192 344 1255 409 109

112 537 206 603 domo
231 537 359 605 domini.
384 541 421 602 ut
443 537 474 601 in
500 537 587 602 atriis
613 538 681 602 eius
701 538 786 602 siout
804 538 910 620 palma
928 538 1091 603 floreaset
1110 536 1259 602 ascendat

111 645 142 708 in
167 647 199 708 te
224 645 327 728 gratia
351 644 503 709 ecclesiae
528 651 560 709 et
584 644 626 708 sit
655 644 752 709 odor
779 645 932 709 narium
960 649 1118 709 tuarum
1149 644 1259 708 sicut

111 749 1257 835 rnalaetlaucestuaesioutuinumoptimum,utincbrieris

30 863 66 927 72
109 858 142 921 in
167 857 305 923 Christo.
330 858 407 922 bene
427 858 590 922 admonuit
608 858 670 922 iste
689 858 869 923 uersiculus
888 865 1030 942 repetere
1049 877 1146 942 paene
1165 859 1258 921 inter·

83 985 94 1021 ε
110 964 245 1029 missum
266 964 340 1046 quia
359 963 495 1029 diximus
514 967 680 1048 praecepto
702 964 820 1029 domini
838 965 939 1029 uitem
959 966 1054 1029 etiam
1068 963 1256 1047 pullulasse,
1275 965 1346 1020 621

112 1091 206 1153 quam
221 1076 333 1153 postea
347 1077 419 1156 post
434 1072 593 1136 diluuium
608 1091 625 1135 a
641 1071 708 1136 Noe
718 1073 891 1154 plantatam
903 1092 972 1137 esse
984 1073 1200 1157 cognouimns.
1211 1071 1256 1137 sic

110 1178 194 1242 enim
210 1178 320 1249 habes,
336 1179 409 1261 quia
427 1179 508 1244 Noe
528 1178 713 1262 agricola
733 1183 819 1242 erat
838 1184 971 1243 terrae
991 1182 1030 1243 et
1047 1180 1257 1260 plantauit

111 1285 235 1349 uitem
261 1288 300 1348 et
322 1284 429 1349 bibit
454 1284 498 1348 de
522 1285 615 1349 uino
640 1285 728 1348 eius
754 1288 792 1349 et
816 1284 1076 1349 obdormiuit.
1101 1304 1160 1349 non
1182 1295 1256 1369 ergo

109 1390 177 1455 Noe
207 1394 318 1455 auctor
346 1396 395 1455 est
423 1391 511 1469 uitio,
541 1391 597 1456 sed
625 1392 841 1473 plantationis.
871 1410 971 1472 neque
996 1391 1078 1454 euim
1103 1390 1162 1454 nisi
1187 1409 1255 1454 eam

71 1519 91 1553 ro
109 1498 302 1581 repperisset
334 1503 405 1562 ante
438 1498 629 1582 generatam,
663 1499 804 1580 plantare
836 1498 1005 1579 potuisset.
1039 1499 1143 1562 cultor
1170 1516 1254 1582 ergo,

109 1623 169 1668 non
199 1609 310 1670 auctor
338 1611 387 1668 est
413 1605 540 1671 uitium.
570 1604 647 1668 deus
677 1611 796 1679 autem,
824 1605 879 1687 qui
908 1605 1002 1669 sciret
1030 1603 1114 1686 quod
1143 1604 1255 1669 uinum

108 1709 212 1775 sobrie
235 1714 382 1793 potatum
406 1712 573 1776 sanitatem
598 1711 697 1787 daret,
721 1716 852 1795 augeret
868 1711 1080 1792 prudentiam,
1100 1710 1255 1775 inmodice

108 1819 273 1899 sumptum
298 1818 336 1881 ad
360 1818 440 1882 uitia
465 1837 575 1882 causas
600 1818 698 1898 daret,
719 1823 894 1882 creaturam
914 1817 1009 1895 dedit,
1031 1816 1253 1881 abundantiam
1272 1818 1295 1873 B

106 1923 244 1988 hnmano
268 1924 398 1988 arbitrio
423 1925 609 2000 reseruauit,
634 1929 670 1989 ut
693 1925 886 2008 parsimonia
904 1932 1034 1989 naturae
1054 1929 1140 1989 esset
1158 1925 1256 2008 magi·

71 2030 240 2095 asterium
261 2031 454 2106 sobrietatis,
474 2031 684 2096 abundantiae
704 2032 827 2096 noxiam
848 2032 1036 2114 lapsumque
1051 2032 1255 2097 temulentiae

109 2137 169 2200 sibi
203 2138 375 2202 ascriberet
408 2138 545 2201 humana
579 2138 731 2203 condicio.
764 2138 899 2220 denique
927 2146 959 2202 et
987 2139 1054 2221 ipse
1081 2138 1255 2202 inebriatus

109 2246 159 2310 est
185 2242 254 2308 Noe
283 2247 314 2308 et
343 2244 537 2308 obdormiuit
565 2245 748 2328 consopitus
777 2265 794 2309 a
823 2245 908 2310 uino.
937 2246 1044 2326 itaque
1067 2263 1123 2325 per
1144 2246 1254 2309 uinum

108 2351 213 2432 patuit
236 2350 441 2428 deformitati,
467 2351 520 2434 qui
544 2371 598 2434 per
623 2351 780 2416 diluuium
807 2351 946 2416 excreuit
969 2349 1008 2415 ad
1032 2351 1176 2433 gloriam.
1200 2350 1255 2414 sed

110 2458 256 2521 dominus
286 2460 318 2521 et
344 2458 376 2521 in
406 2477 442 2522 eo
472 2463 632 2522 creaturae
657 2478 732 2522 snae
757 2459 891 2542 gratiam
915 2457 1101 2522 reseruauit.
1127 2461 1163 2520 ut
1186 2457 1254 2521 eius

71 2565 248 2629 structum
285 2564 375 2629 nobis
414 2569 612 2629 conuerteret
650 2565 689 2629 ad
726 2565 861 2629 salutem
900 2583 935 2629 ac
973 2584 1027 2648 per
1059 2584 1130 2628 eum
1164 2562 1293 2626 nobisC

108 2674 310 2753 peccatorum
340 2671 486 2735 remissio
514 2671 704 2754 proueniret.
733 2671 815 2735 unde
843 2672 894 2753 pie
923 2672 1010 2735 Isaac
1036 2671 1132 2734 dixit:
1161 2670 1255 2734 odor

108 2778 227 2843 Iacob
257 2777 354 2842 odor
382 2779 468 2862 agri
498 2778 619 2861 pleni,
648 2777 682 2842 id
711 2784 760 2842 est
784 2778 936 2842 naturalis
962 2778 1046 2842 odor.
1072 2778 1147 2859 quid
1172 2777 1253 2842 enim

107 2886 201 2966 pleno
235 2904 305 2949 rure
339 2884 481 2957 suauius,
517 2884 592 2966 quid
622 2883 698 2947 uitis
729 2883 821 2949 odore
851 2885 1031 2960 iucundius,
1061 2883 1137 2966 quid
1165 2885 1254 2948 labae

107 2992 182 3056 flore
208 2991 357 3074 gratius?
381 2990 463 3055 unde
489 2991 636 3073 quamuis
660 2991 822 3075 ingeniose
847 2991 917 3073 quis
942 2996 1013 3054 ante
1037 3010 1094 3054 uos
1124 2990 1253 3055 dixerit:

68 3118 91 3156 a
108 3100 177 3162 ‘non
209 3097 308 3161 uitem
339 3101 395 3160 aut
422 3096 517 3161 licum
547 3097 724 3179 patriarcba
747 3098 854 3162 olebat
876 3101 931 3162 aut
954 3097 1089 3180 frugem,
1114 3097 1169 3161 sed
1194 3098 1254 3161 uir-

108 3206 215 3267 tutum
244 3202 385 3285 spirabat
413 3204 569 3287 gratiam',
600 3223 657 3287 ego
687 3209 792 3268 tamen
817 3207 849 3268 et
872 3203 1000 3268 odorem
1025 3204 1129 3286 ipsum
1153 3207 1254 3268 terrae

108 3309 286 3392 simplicem
321 3314 415 3392 atque
449 3310 613 3375 sincerum‘
638 3331 693 3392 pro
727 3311 829 3394 gratia
860 3310 1090 3375 benedictionis
1122 3311 1253 3394 accipio,

108 3435 202 3497 quem
225 3415 313 3480 fraus
336 3416 424 3480 nulla
448 3417 626 3500 conposuit,
651 3418 707 3481 sed
731 3419 849 3482 ueritas
869 3418 1085 3502 indulgentiae
1106 3418 1253 3483 caelestis
1272 3427 1297 3481 Ι)

196 3588 452 3660 actuosam.
509 3590 702 3647 acescat
761 3589 863 3646 lGerr.
884 3591 909 3654 9,
928 3593 963 3646 20
983 3611 1021 3663 sq.
1087 3594 1116 3646 ll
1139 3592 1189 3645 Sir.
1210 3593 1252 3649 34.

107 3677 140 3731 28
160 3694 200 3748 sq.
221 3679 275 3741 (31,
295 3679 328 3733 37
349 3685 400 3748 sq.l
477 3680 508 3732 l‘l
528 3678 595 3733 Gen.
615 3680 640 3743 9,
660 3682 692 3734 ‘21
763 3681 794 3733 ‘21
819 3679 884 3734 Gerr.
904 3682 948 3734 27.
969 3683 1001 3735 a?
1066 3681 1100 3735 25
1121 3680 1153 3734 cf.
1174 3680 1253 3734 Plrilo

108 3766 217 3831 Quaest.
238 3768 264 3820 in
285 3766 352 3820 Gen.
373 3767 509 3828 1111214,
531 3768 563 3821 de
584 3767 664 3821 lacrib
684 3767 710 3822 11
732 3770 755 3828 1.
777 3771 793 3822 4

144 3893 154 3945 l
176 3895 208 3944 ut
227 3891 255 3944 in
274 3891 305 3942 ior
323 3907 380 3944 ros.
401 3891 465 3944 urin.
484 3892 572 3959 spatii
594 3890 616 3943 C
713 3894 730 3944 4
750 3896 871 3961 repetere
891 3910 959 3962 pene
982 3892 1004 3944 (Ι
1022 3897 1077 3958 (ere
1098 3909 1113 3961 p
1134 3892 1162 3943 ia
1184 3898 1251 3956 rus.)

108 3980 192 4049 repeti
207 3978 329 4048 pacneP
364 3981 603 4049 spraeceprumr'
638 3980 1043 4050 9uitismscdt'rsederos.)
1083 3982 1114 4034 13
1129 3988 1252 4049 surreptus

110 4069 173 4133 ('(s
193 4068 242 4122 all.
262 4085 330 4124 Μ.
350 4074 406 4121 m3r
481 4067 599 4122 adauitia
619 4070 638 4131 (i
660 4078 740 4122 crosa
765 4067 815 4123 CG
888 4071 956 4122 uitia
976 4069 1078 4122 tuaN
1156 4072 1186 4121 lr'
1208 4068 1253 4121 de·

108 4156 290 4210 torruitateC
355 4159 385 4210 lu
405 4157 508 4223 gratiae
531 4158 554 4204 t'
616 4158 648 4210 21
670 4158 792 4210 remissio
813 4167 981 4227 peccatorum
1006 4159 1041 4210 N*
1107 4158 1140 4211 ‘33
1160 4158 1253 4210 iocun-

109 4243 166 4298 dius
187 4245 271 4298 GPl'
286 4251 312 4300 el
330 4250 376 4299 m?
397 4248 466 4302 rus
521 4246 554 4298 a:
574 4246 676 4314 accipio
700 4245 777 4299 (GP
794 4246 923 4314 accipiam
946 4254 990 4299 cet.
