2836 4822
132 319 174 382 48
604 317 801 371 Ambrosii

132 512 249 596 poterit
281 533 350 577 3333
384 512 484 577 diuini
516 513 620 596 operis
654 513 862 579 aestimator?
895 518 945 578 est
973 534 1046 598 ergo
1076 516 1211 581 latitudo
1242 517 1273 581 in

130 621 201 703 ipsa
233 620 311 684 caeli
345 619 522 686 altitudine.
556 623 632 684 sunt
664 620 771 696 etiam,
805 624 842 685 ut
875 621 912 685 de
941 622 991 687 his
1021 622 1164 688 dicamus
1193 643 1273 706 quae

130 727 211 790 scire
225 746 408 809 possumus,
422 729 573 810 pleraque
592 727 736 791 aedificia
754 727 830 792 foris
850 728 995 805 rotunda,
1014 729 1103 793 intus
1122 730 1275 813 quadrata

130 833 261 898 ettonis
286 834 447 916 quadrata,
471 834 558 899 intus
581 834 727 910 rotunda,
753 834 869 917 quibus
894 835 1056 918 superiora
1074 835 1169 919 plana
1187 841 1273 914 suut,

128 940 160 1004 in
188 940 304 1022 quibus
334 960 414 1022 aqua
441 940 567 1005 haerere
597 942 709 1006 soleat.
739 960 818 1022 quae
842 945 946 1006 tamen
971 941 1041 1005 ideo
1067 942 1213 1020 dicimus,
1237 947 1274 1009 ut
1307 969 1313 1007 r

129 1046 296 1110 aduertant
319 1047 482 1129 opiniones
506 1067 580 1111 suas
605 1046 807 1129 opinionibus
830 1048 898 1112 ueri
922 1047 1129 1112 similioribus
1152 1050 1274 1114 reuinci

129 1173 222 1237 posse
251 1159 282 1219 et
310 1155 455 1219 desinant
483 1157 608 1219 tontum
638 1174 718 1237 opus
747 1154 797 1218 dei
830 1156 984 1220 humanae
1017 1156 1208 1239 operationis
1241 1160 1274 1221 et

77 1264 254 1327 lOnostree
277 1261 502 1344 possibilitatis
527 1261 794 1344 contemplatione
818 1261 933 1328 metiri.
958 1267 1146 1327 33333133
1176 1263 1274 1346 33313-

126 1371 268 1433 turarum
315 1369 427 1433 seriem
474 1373 568 1450 atque
615 1368 755 1433 ordinem
780 1369 965 1450 sequimur
1006 1372 1038 1433 et
1079 1389 1158 1452 opus
1201 1389 1273 1435 con-

127 1474 333 1557 templatione
370 1475 576 1538 aestimamus
611 1474 761 1550 auctoris,
795 1473 871 1555 quid
904 1473 1025 1562 dictum
1059 1475 1101 1538 sit
1133 1479 1166 1540 et
1198 1477 1271 1558 quis
1291 1504 1313 1542 rc

127 1579 240 1643 dixerit
286 1584 318 1644 et
363 1581 415 1644 cui
462 1580 586 1643 dixerit.
634 1579 707 1642 fiat
753 1579 856 1661 iuquit
901 1580 1184 1646 firmamentum
1232 1584 1272 1647 in

127 1685 249 1750 medio
275 1703 393 1767 aquae
418 1687 454 1748 et
477 1685 528 1747 sit
552 1684 770 1747 discernens
791 1683 1034 1767 interaquas.
1055 1686 1273 1752 3331311333-

125 1795 268 1856 mentum
292 1792 359 1855 fieri
384 1796 561 1875 praecepto,
586 1808 648 1872 quo
674 1789 869 1855 diuideretur
893 1811 975 1874 aqua
999 1795 1030 1855 et
1058 1792 1096 1856 ab
1124 1793 1272 1859 inferiore

126 1899 269 1981 superior
296 1898 535 1962 discerneretur.
566 1897 641 1979 quid
670 1897 730 1961 hoc
759 1896 987 1963 manifestius?
1010 1898 1064 1981 qui
1088 1899 1184 1964 iussit
1208 1900 1271 1965 dis-

126 2006 209 2070 cerni
234 2026 346 2089 33333
370 2005 534 2070 1313313313
559 2009 592 2069 31
613 2004 718 2069 medio
743 2004 941 2069 firmamento
961 2005 1102 2087 prouidit
1121 2008 1270 2088 quemad·
1291 2038 1313 2078 3

124 2114 254 2178 modum
278 2112 383 2177 diuisa
406 2116 500 2194 atque
524 2111 661 2176 discreta.
683 2131 808 2176 manere
831 2113 944 2193 possit.
969 2131 1070 2177 sermo
1096 2113 1146 2177 dei
1166 2116 1270 2179 uirtus

124 2224 252 2284 naturae
273 2223 321 2284 est
341 2223 373 2283 et
392 2218 585 2283 diuturnitas
605 2218 812 2296 substantiae,
833 2218 937 2301 quoad
956 2219 1037 2284 uelit
1055 2239 1123 2284 eam
1143 2240 1270 2286 manere

125 2327 178 2409 qui
199 2326 322 2403 statuit,
348 2327 432 2391 sicut
456 2326 609 2409 scriptum
635 2328 701 2389 est:
728 2325 868 2389 statuit
892 2344 933 2389 33
955 2325 991 2389 13
1016 2326 1209 2391 33333133
1234 2331 1271 2391 31

124 2435 159 2497 13
186 2435 379 2498 saeculum
404 2433 570 2509 saeculi;
595 2435 839 2515 praeceptum
864 2433 1003 2515 posuit,
1024 2437 1060 2498 et
1078 2454 1146 2499 non
1167 2453 1270 2516 prae-

124 2540 266 2606 teribit.
296 2546 329 2604 et
356 2542 393 2605 ut
423 2541 505 2605 scias
534 2540 609 2623 quia
637 2539 674 2603 de
703 2539 775 2603 istis
804 2539 895 2620 aquis
923 2537 983 2603 hoc
1012 2539 1099 2616 dinit,
1129 2558 1208 2621 quas
1232 2542 1268 2604 tu
1288 2572 1313 2610 20

123 2635 220 2731 negas
235 2647 376 2731 possein
393 2647 609 2729 superioribus
625 2645 705 2710 caeli
722 2664 802 2721 esse,
819 2645 892 2708 audi
912 2644 1093 2728 superiora:
1113 2644 1268 2711 laudate

124 2773 203 2816 eum
230 2753 327 2817 caeli
352 2753 542 2817 caelorum
567 2757 605 2817 et
629 2771 754 2834 aquae,
776 2771 869 2835 quae
890 2771 1002 2833 super
1021 2753 1147 2817 caelos
1168 2757 1268 2827 sunt,

122 2861 280 2924 laudent
307 2879 437 2924 nomen
463 2858 614 2924 domini.
640 2878 740 2923 nonne
765 2859 855 2941 quasi
880 2859 1061 2923 aduersanti
1085 2859 1144 2924 tibi
1169 2859 1266 2924 dixit:

123 2968 296 3050 quoniam
312 2968 394 3049 ipse
410 2967 506 3030 dixit
520 2969 556 3030 31
572 2967 673 3031 facta
692 2970 790 3041 sunt,
808 2966 890 3048 ipse
907 2966 1101 3031 mandauit
1117 2969 1152 3030 et
1169 2985 1267 3031 crea-

121 3079 158 3139 ta
174 3080 275 3139 sunt:
292 3075 434 3138 statuit
452 3093 492 3137 33
511 3073 547 3136 13
568 3072 763 3137 33333133
783 3075 820 3136 31
839 3073 873 3136 13
890 3073 1083 3137 33333133
1101 3073 1263 3149 3333311;
1284 3104 1311 3145 25

120 3184 365 3265 praeceptum
385 3180 525 3262 posuit,
546 3183 583 3244 et
597 3200 667 3244 non
682 3179 919 3261 praeteribit.
935 3199 973 3242 33
988 3199 1048 3243 333
1064 3179 1192 3244 uidetur
1206 3179 1266 3243 tibi

121 3293 232 3353 auctor
263 3288 407 3366 idoneus,
441 3287 495 3369 qui
527 3288 630 3371 legem
664 3306 721 3351 suo
755 3286 841 3369 operi
876 3286 988 3350 daret?
1021 3285 1098 3351 deus
1133 3289 1182 3351 est
1210 3287 1265 3367 qui

209 3532 303 3587 3Bas.
323 3531 358 3586 60
376 3532 398 3584 Β
418 3532 463 3599 (25
484 3530 516 3595 B)
619 3529 651 3583 18
670 3528 767 3583 Psalm.
788 3527 1009 3584 cxxxxvmo
1109 3530 1140 3583 21
1162 3527 1264 3583 Psalm.

120 3619 306 3677 cxxxxvrn
325 3623 342 3674 4
361 3638 401 3690 sq.
457 3622 491 3673 24
510 3620 609 3674 Psalm.
629 3618 816 3674 CXXXXVIII
835 3621 851 3672 5
871 3635 910 3686 sq.

156 3781 168 3833 l
190 3781 291 3850 poterit
312 3781 443 3849 Cpotest
461 3786 508 3833 cet.
577 3778 759 3832 erotundata
780 3778 829 3831 GP
902 3780 933 3832 13
953 3782 1096 3848 praecepto
1119 3777 1264 3849 033331

118 3873 291 3938 praeceptum
312 3869 348 3922 M
366 3869 505 3938 (perdel.)
526 3868 549 3922 S
567 3870 982 3938 (3333333)3333333133331.
1059 3869 1089 3920 l'l
1111 3872 1138 3921 et
1157 3868 1262 3922 diutur-

117 3957 213 4011 nitatis
235 3957 258 4009 0
276 3960 315 4012 iet
334 3956 454 4009 diuturni
473 3957 504 4008 in
521 3973 577 4010 ros.
597 3955 711 4009 rninorc's
728 3957 825 4024 333111)
908 3955 1072 4009 diuturnitas
1092 3955 1263 4011 substantiae

120 4046 202 4100 Gm2
221 4045 409 4099 diuturnitatis
429 4045 583 4098 substantia
602 4045 743 4100 6331331.
853 4044 941 4115 quoad
961 4061 1044 4112 usque
1064 4044 1101 4096 N‘
1120 4051 1145 4098 ct
1165 4049 1262 4116 (usquc

116 4153 137 4188 3,
156 4151 183 4188 u.
205 4136 261 4204 m2)
283 4134 308 4188 G
351 4136 383 4187 18
404 4138 432 4187 et
450 4136 476 4186 iu
496 4134 632 4188 saeculum
652 4151 702 4188 om.
722 4133 753 4187 N
791 4135 825 4187 23
846 4134 1053 4186 aduersantibus
1074 4134 1264 4202 (33311131311

117 4225 151 4277 25
172 4227 199 4277 et
218 4224 245 4276 in
265 4223 402 4277 saeculum
421 4241 472 4278 om.
491 4222 522 4276 N
