2836 4822
325 354 474 409 Examerou
491 355 534 410 111
553 358 578 412 0.
599 356 640 421 10,
658 356 765 411 40-13
802 355 826 421 (Ι
845 357 879 410 48
898 357 995 411 1)-40
1013 358 1060 425 D).
1228 360 1270 424 87

124 549 230 616 letalis
264 555 313 615 est
344 551 476 628 homini,
509 554 676 634 propterea
707 546 902 615 laboriosum
935 554 1026 632 putet
1063 550 1179 614 animal
1216 554 1272 615 aut

124 658 210 723 nasci
234 676 295 722 non
321 657 470 722 debuisse
494 661 550 721 aut
573 656 641 721 sine
665 657 818 741 sanguine
838 657 987 722 debuisse
1007 657 1159 741 generari,
1179 657 1271 722 cuius

124 762 227 828 uirtus
247 764 287 828 ad
306 763 429 829 cultum
449 782 596 848 agrorum
615 763 716 840 utilis,
737 763 776 828 ad
794 783 889 828 usum
908 764 1123 847 plaustrorum
1141 763 1268 842 habilis,
1287 770 1360 825 leh

125 870 162 935 ad
190 870 373 936 alimoniam
388 872 509 935 suauis
539 870 664 936 diuerso
693 889 822 935 munere
846 870 940 936 fulcit
962 871 1129 954 agricolas,
1154 869 1269 954 quibus

97 994 108 1032 ⁵
126 976 214 1055 deus,
236 977 263 1042 si
281 977 364 1042 bonu
384 997 443 1043 sue
465 977 578 1054 norint,
603 977 754 1042 uniuersa
777 978 909 1042 donarrit
932 976 1059 1041 dicens:
1084 976 1271 1061 germinet

126 1087 225 1149 teria
248 1085 401 1148 herbam
425 1084 526 1150 faeni
550 1085 738 1149 seminans
763 1104 886 1150 semen
911 1084 1116 1150 secuudum
1141 1103 1268 1169 genus.

124 1210 184 1255 non
218 1191 323 1256 solum
356 1191 440 1255 enim
472 1195 678 1273 spontaneam
712 1191 894 1255 alimoniam
922 1190 1160 1274 conprehendit,
1189 1211 1269 1272 quae

125 1300 173 1363 est
193 1298 227 1362 in
250 1298 357 1363 herbis
378 1303 410 1362 et
428 1297 587 1363 radicibus
607 1301 701 1380 atque
721 1299 866 1362 arborum
887 1297 1080 1380 reliquisque
1101 1298 1268 1375 fructibus,

125 1403 180 1469 sed
203 1403 300 1468 etium
324 1423 392 1468 eam
422 1422 502 1484 quae
530 1403 686 1468 industria
713 1406 913 1487 comparatur
940 1407 973 1467 et
1000 1403 1089 1467 cultu
1117 1404 1269 1469 rusticani

40 1490 239 1576 ¹²1olan0ris
273 1511 460 1594 adquiritur.
495 1529 589 1593 quam
604 1500 607 1506 ’
623 1509 772 1574 decorum
804 1514 910 1574 antem
943 1510 1028 1591 qnod
1059 1529 1120 1575 uon
1157 1511 1308 1576 statimB

123 1616 251 1682 fundere
280 1620 380 1680 terras
409 1634 515 1680 sennen
545 1614 641 1680 iussit
665 1621 697 1681 et
719 1617 853 1692 fructus,
878 1615 933 1680 sed
957 1615 1058 1697 primo
1084 1617 1268 1700 germinare,

123 1723 234 1788 deinde
267 1722 452 1787 herbescere
481 1740 609 1805 campos
638 1722 762 1800 statuit,
790 1725 903 1806 postea
930 1723 1104 1787 secundum
1132 1724 1269 1807 proprie-

121 1836 220 1895 tatem
253 1829 304 1895 sui
337 1829 461 1913 generis
495 1848 601 1893 semen
635 1830 824 1907 adolescere,
857 1831 894 1893 ut
920 1848 1093 1911 numquam
1122 1849 1269 1893 amorum

123 1940 250 2002 uacaret
278 1937 390 2020 gratia,
420 1955 500 2018 quae
529 1940 618 2021 grato
647 1936 785 2019 primum
815 1935 927 2001 decore
953 1940 1129 2012 nemarent,
1158 1940 1269 2020 postea

85 2061 107 2100 n
122 2044 262 2108 fructum
285 2048 494 2127 suggererent
517 2043 702 2108 utilitatem.

44 2136 82 2200 3
167 2148 230 2215 Sed
248 2149 328 2214 forte
348 2149 420 2232 quis
440 2149 539 2214 dicat:
566 2149 722 2231 quomodo
743 2149 918 2214 secundum
939 2168 1039 2233 genus
1054 2150 1310 2232 terraprofertc

123 2256 251 2334 semina,
290 2275 363 2321 cum
399 2256 587 2339 plerumque
624 2255 746 2321 semina
778 2256 861 2320 iacta
893 2255 1083 2340 degenerent
1118 2259 1159 2333 et,
1196 2275 1268 2320 curn

121 2363 238 2429 bonum
266 2363 408 2427 triticum
436 2362 531 2427 fuerit
558 2361 760 2441 seminatum,
790 2366 822 2426 et
846 2362 972 2428 decolor
995 2361 1063 2427 eius
1088 2362 1209 2444 species
1234 2366 1307 2427 etl)

122 2469 251 2535 inferior
277 2470 379 2533 forma
405 2469 581 2533 reddatur?
611 2468 666 2533 sed
694 2469 753 2534 hoc
783 2468 810 2532 si
840 2468 963 2551 quando
993 2468 1121 2545 accidit,
1144 2488 1205 2534 non
1229 2470 1268 2533 ad

82 2596 106 2637 ao
121 2575 361 2641 translationem
386 2576 520 2661 generis,
545 2575 600 2639 eod
620 2574 853 2659 aegritudinem
871 2575 1028 2658 quandum
1048 2579 1080 2640 et
1098 2575 1268 2658 inaequali·

121 2687 220 2747 tatem
258 2682 389 2748 seminis
427 2681 554 2746 uidetur
591 2701 661 2746 esse
697 2681 907 2747 referendum.
940 2701 1002 2746 non
1035 2681 1119 2746 enim
1153 2681 1273 2747 desinit

122 2809 192 2854 esse
221 2788 375 2865 triticum,
405 2788 433 2854 si
462 2792 518 2853 aut
544 2788 662 2873 frigore
691 2787 842 2854 aduratur
870 2792 926 2853 aut
952 2788 1053 2853 imbre
1077 2788 1270 2866 madidetur,

121 2895 177 2960 sed
202 2896 307 2979 specie
331 2894 435 2979 magis
459 2915 554 2977 qnam
577 2913 701 2980 genere,
726 2896 829 2961 colore
853 2914 979 2978 quoque
1007 2900 1040 2959 et
1066 2895 1267 2978 cormptioue

119 3005 290 3069 mutatum.
316 3002 451 3084 denique
471 3002 651 3085 frequenter
668 3001 829 3066 madidata
847 3001 1004 3066 frumenta
1021 3002 1054 3066 iu
1074 3002 1125 3066 sui
1144 3001 1267 3087 generis

79 3129 102 3169 a
121 3106 261 3191 speeiem
289 3110 502 3187 reuertuntur,
531 3109 559 3172 si
587 3112 643 3173 aut
671 3108 737 3173 sole
766 3111 822 3172 aut
849 3108 979 3193 ignibus
1007 3111 1185 3174 torreantur
1212 3111 1269 3172 aut

208 3360 226 3412 4
244 3356 325 3428 Uerg.
346 3357 444 3429 Georg.
464 3358 491 3413 11
510 3360 563 3414 cta
582 3376 621 3429 sq.
678 3361 694 3413 5
710 3362 776 3414 Gen.
792 3361 815 3417 1.
834 3360 864 3414 ll
922 3359 955 3413 10
974 3360 1037 3413 Bas.
1059 3360 1109 3414 104
1127 3360 1152 3414 Α
1171 3362 1216 3429 (43
1232 3360 1265 3427 Ε)

120 3448 152 3500 16
171 3446 234 3501 Bae,
256 3448 307 3502 104
326 3448 372 3501 AB
394 3449 439 3515 (13
459 3449 490 3509 Ε.
508 3452 543 3503 lt
562 3449 596 3515 A)
653 3451 687 3503 22
706 3450 787 3518 l'erg.
808 3448 906 3519 Georg.
925 3450 993 3504 193

155 3643 167 3695 l
191 3647 270 3712 putet
288 3643 452 3697 laboriosum
477 3643 533 3697 Vn*
625 3646 641 3698 6
660 3646 797 3699 seminans
815 3649 863 3698 m2
880 3662 901 3699 s.
922 3646 1027 3716 spirans
1049 3646 1075 3700 G
1094 3647 1199 3716 spirans
1218 3653 1265 3701 cet.

119 3737 221 3787 tortum
234 3738 266 3785 ut
279 3732 391 3787 uidetur
405 3750 438 3787 ea
452 3734 587 3788 serrrinane
602 3739 627 3787 et
638 3751 724 3803 orcprn
744 3736 846 3803 eccepto
865 3735 955 3806 spiren
974 3735 993 3788 ι’.
1013 3752 1033 3789 e.
1055 3737 1168 3805 σπεῖρον)
1224 3755 1264 3790 se-

119 3818 236 3873 cundum
256 3837 342 3889 genus
361 3839 415 3875 non
435 3823 520 3876 nolum
535 3824 566 3876 ia
580 3839 635 3876 raa.
650 3825 716 3877 min.
731 3823 818 3892 spatii
835 3824 858 3872 (Υ
893 3824 908 3876 7
924 3823 1053 3878 alimonia
1071 3825 1094 3871 (¹
1110 3826 1151 3893 (·t
1165 3830 1222 3881 md)
1241 3827 1267 3879 G

120 3916 161 3962 *a
181 3912 238 3978 unQ)
256 3909 284 3964 P
379 3914 394 3965 8
415 3912 539 3965 arborum
559 3912 725 3981 germinibus
743 3912 771 3965 Β
867 3914 883 3965 9
903 3912 1063 3967 industriam
1086 3914 1110 3963 (ἶ
1127 3918 1163 3978 (ιιι
1183 3930 1264 3968 crunt

121 3997 152 4050 11
173 3998 289 4067 primum
307 3998 361 4053 GP
410 4001 442 4054 13
462 4000 658 4055 amaremus
677 4001 801 4054 arborum
821 4006 868 4056 cet.
926 4001 959 4054 14
979 4006 1090 4055 noceret
1107 4004 1171 4071 l'lt
1188 4019 1208 4056 a,
1227 4016 1264 4059 ιι.)

120 4087 154 4140 15
172 4086 290 4142 fructum
309 4088 336 4142 P
354 4095 378 4143 et
398 4095 439 4143 eal
460 4090 509 4144 (76
529 4090 663 4143 fructuum
683 4094 729 4143 nn?
749 4090 800 4145 (BG
819 4096 866 4145 cet.
936 4091 969 4145 16
988 4090 1107 4160 proferet
1128 4094 1151 4137 (Ρ
1169 4098 1195 4156 (e
1216 4094 1264 4145 ult.

119 4174 170 4227 dcl.
190 4178 247 4241 m3)
322 4178 355 4232 18
375 4181 403 4231 et
423 4178 529 4232 decolor
551 4179 630 4233 CGP
647 4178 755 4233 ‹lecolor
774 4185 821 4234 cet.
890 4179 924 4233 Ι20
944 4178 1201 4233 seerclcr11('ll
1218 4180 1265 4234 ned

118 4266 147 4315 et
162 4262 185 4317 S
202 4264 250 4319 sed
265 4264 299 4319 ad
314 4268 338 4321 t'
355 4270 401 4321 md
414 4267 451 4320 J!
468 4271 514 4321 ma
531 4268 556 4323 G
575 4284 644 4322 corr.
661 4272 702 4321 an
716 4273 762 4322 cet.
814 4269 848 4322 20
864 4268 886 4321 ei
902 4272 992 4321 autem
1008 4265 1030 4318 ll
1047 4272 1100 4335 lem
1115 4284 1185 4322 erac.
1203 4261 1264 4321 (Ἡ)
