2836 4822
397 340 437 393 De
458 339 516 393 Noc
537 343 560 399 6.
583 341 615 394 14
654 340 677 405 (I
697 340 748 394 233
767 338 881 394 A-234
899 341 942 405 A).
1186 340 1253 406 423

101 536 210 600 raliter
238 536 320 609 enim
350 536 470 600 dictum
500 536 634 600 arbitror
662 554 697 600 eo
725 535 810 619 quod
839 554 931 600 omne
960 557 1074 619 corpus
1107 540 1252 601 nostrum
1322 546 1328 598 ζ

103 643 266 708 adtentum
299 647 348 707 est
381 643 464 707 sicut
496 643 601 718 nidus.
634 646 672 706 ut
706 643 836 725 spiritus
870 644 979 708 uitalis
1013 643 1114 708 omnis
1146 648 1254 727 partes

103 751 263 815 uiscerum
295 753 438 834 penetret
471 754 565 832 atque
601 749 639 813 de
668 749 833 832 principali
861 755 968 815 nostro
996 750 1108 815 fundat
1136 770 1171 815 se
1198 768 1255 833 per

104 863 190 921 artus
215 856 370 940 singulos.
395 856 461 920 nidi
485 856 614 937 quidam
639 861 714 920 snrnt
736 857 820 921 oculi
839 857 950 933 nostri,
971 857 1086 940 quibus
1107 877 1141 922 se
1161 861 1253 921 uisus

72 987 85 1023 a
104 964 225 1028 inserit.
248 962 314 1026 nidi
334 964 410 1025 sunt
428 964 608 1026 nostrarum
629 961 718 1026 sinus
743 962 876 1037 aurium,
897 983 953 1045 per
971 983 1050 1045 quos
1070 983 1104 1027 se
1124 964 1253 1028 auditus

104 1070 243 1134 infundit
272 1073 304 1133 et
331 1069 423 1131 uelut
449 1068 481 1131 in
509 1069 634 1132 foueam
665 1069 761 1132 altam
790 1069 895 1135 deicit.
924 1071 1017 1135 nidus
1047 1071 1252 1150 asinarium,

105 1179 159 1261 qni
183 1177 222 1241 ad
250 1196 284 1240 se
314 1175 442 1240 odorem
472 1174 620 1240 adtrahit.
651 1176 745 1240 nidus
773 1180 824 1241 est
851 1181 982 1259 quartus
1010 1178 1111 1243 maior
1137 1177 1253 1243 ceteris
1280 1184 1304 1238 l}

104 1287 211 1349 hiatus
240 1284 314 1360 oris,
343 1283 373 1347 in
404 1301 465 1364 quo
495 1282 634 1347 nutritur
662 1282 760 1348 donec
790 1284 952 1349 adolescat
982 1304 1075 1367 sapor
1107 1289 1139 1349 et
1171 1285 1253 1350 unde

105 1412 166 1456 nor
195 1393 312 1466 euolat,
341 1391 372 1453 in
403 1410 464 1472 qno
494 1390 573 1454 latei
600 1390 719 1473 lingua,
749 1409 829 1472 quae
858 1391 950 1456 uelut
977 1411 1130 1476 organum
1163 1393 1253 1459 uocis

61 1521 85 1558 ro
106 1518 201 1562 sonos
229 1499 298 1562 eius
322 1497 436 1562 artifici
460 1498 620 1562 suauitate
647 1496 830 1563 modulatur
853 1502 894 1576 et,
920 1517 991 1562 cum
1016 1500 1059 1562 sit
1081 1499 1152 1582 ipsa
1174 1501 1254 1564 inra-

105 1606 277 1678 tionabilis,
314 1604 534 1669 rationabilem
571 1624 682 1668 uocem
721 1605 876 1688 exprimit.
914 1605 1006 1670 nidus
1044 1610 1095 1671 est
1126 1607 1255 1672 emicra-

107 1715 204 1787 ninm,
229 1712 323 1776 nidus
348 1714 398 1775 est
420 1711 603 1775 membrana
626 1712 692 1789 illa.
717 1731 797 1794 quac
821 1713 984 1777 cerebrum
1007 1713 1096 1778 fouet
1119 1719 1151 1777 et
1173 1716 1256 1777 intra

107 1840 141 1885 se
175 1819 311 1884 cohibet.
351 1817 416 1882 nidi
449 1821 525 1883 sunt
556 1820 682 1883 uiscera
713 1818 873 1900 pulmonis
907 1822 939 1883 et
971 1818 1085 1885 cordis.
1122 1820 1255 1902 spiritus

108 1928 234 2010 quidem
259 1927 454 2001 nost1·i‚hoo
479 1929 529 1990 est
552 1926 621 1990 eins
645 1946 739 2008 quem
764 1926 923 2008 carpimus
948 1931 980 1990 et
1003 1946 1064 2009 quo
1089 1928 1204 1991 alimur
1221 1928 1252 1992 in

64 2054 87 2091 1⁵
107 2037 166 2099 hac
189 2035 267 2107 uita.
295 2032 388 2096 nidus
413 2036 463 2096 est
484 2034 605 2114 pulmo,
631 2033 794 2116 sanguinis
818 2037 925 2097 aulem
949 2039 981 2096 et
1004 2033 1136 2116 spiritus
1161 2034 1254 2100 nidus
1282 2037 1350 2092 Β·

109 2147 158 2206 est
180 2159 243 2206 cor.
269 2140 330 2204 duo
355 2142 430 2204 sunt
454 2139 536 2204 enim
562 2139 630 2204 eius
654 2141 748 2216 uteri,
777 2159 859 2205 unus
880 2160 941 2221 quo
961 2141 1145 2224 sanguinem
1166 2142 1257 2205 uelut

108 2248 243 2331 quodam
265 2246 335 2311 sinu
356 2246 492 2328 suscipit
511 2248 544 2310 et
561 2247 755 2310 transfundit
773 2247 803 2310 in
824 2266 931 2323 uenas,
952 2247 1032 2312 alter
1050 2267 1112 2329 quo
1131 2247 1254 2330 rigatus

108 2375 143 2420 en
167 2356 222 2419 illo
248 2354 409 2437 superiore
433 2352 563 2417 deducit
585 2353 616 2416 in
642 2353 771 2417 arterias
794 2354 863 2438 iugi
886 2359 1004 2418 meatu.
1029 2373 1102 2418 ossa
1126 2374 1253 2436 qnoque

107 2461 262 2525 ualidiora
294 2459 385 2524 nidos
418 2458 551 2535 habent:
586 2461 661 2522 sunt
693 2459 776 2522 enim
809 2458 895 2523 intus
926 2461 1047 2532 cauata,
1076 2459 1107 2522 in
1136 2459 1253 2541 quibus

61 2589 87 2626 ao
107 2566 315 2631 foraminibus
345 2569 394 2629 est
421 2564 572 2629 medulla.
602 2565 632 2627 in
661 2565 839 2629 uisceribns
862 2565 941 2648 ipsis
964 2566 1164 2630 mollioribus
1188 2566 1252 2629 nidi

107 2673 291 2755 cupiditatis
307 2675 362 2736 aut
379 2671 495 2736 doloris
516 2675 598 2736 sunt.
620 2674 652 2734 et
670 2671 733 2736 alia
752 2672 778 2735 si
799 2672 870 2753 qiris
891 2673 1077 2746 consideret,
1097 2677 1129 2737 et
1147 2673 1254 2754 plnres

106 2780 195 2844 nidos
219 2778 378 2862 repperiet
400 2778 432 2842 in
456 2779 516 2842 bac
539 2778 658 2842 fabrica
681 2779 811 2842 humani
835 2779 986 2861 corporis,
1013 2779 1095 2844 unde
1119 2785 1197 2863 puto
1222 2783 1256 2844 et

105 2887 196 2950 illum
229 2887 259 2949 in
292 2885 415 2968 psalmo
447 2904 507 2949 non
543 2885 647 2949 solum
680 2886 825 2968 mystice.
860 2885 915 2950 sed
943 2885 1038 2950 etiam
1067 2887 1255 2951 naturaliter

107 2993 238 3058 dixisse:
269 2993 407 3057 etenim
435 3012 567 3075 passer
595 2993 742 3057 inuenit
771 2992 843 3056 sibi
878 2993 1023 3058 domum
1058 2998 1094 3057 et
1125 2997 1253 3058 turtur

58 3122 86 3160 11
107 3100 235 3164 nidum
265 3099 353 3175 sibi,
378 3099 442 3164 ubi
471 3103 626 3181 reponat
653 3100 779 3182 pullos
809 3119 907 3164 suos.
942 3106 992 3164 est
1019 3101 1101 3165 enim
1132 3101 1194 3165 iam
1218 3101 1350 3164 incarn

106 3205 167 3269 hoc
194 3224 323 3287 corpore
347 3206 440 3270 nidus
464 3205 647 3287 pudicitiae,
671 3205 703 3269 in
728 3225 790 3288 quo
815 3208 881 3269 erat
904 3206 998 3271 nidus
1022 3207 1251 3273 inrationabilis

106 3312 391 3395 concupiscentiae.
417 3311 472 3375 sed
492 3311 547 3375 ubi
567 3315 638 3376 ante
658 3317 768 3394 partus
789 3310 944 3376 deformes
964 3313 1123 3377 nutriebat
1141 3312 1252 3389 libido,

194 3571 209 3624 2
232 3571 309 3642 [erg.
330 3571 396 3627 Aen.
417 3571 454 3624 Vl
475 3572 525 3626 726
581 3572 616 3626 24
634 3572 733 3625 Psalrn.
754 3572 889 3626 Lxxxlll
913 3577 929 3627 4

141 3714 268 3766 '2omnes
291 3710 381 3764 PNB
400 3718 425 3764 ct
445 3723 470 3773 (e
490 3729 523 3765 ea
540 3712 560 3775 i)
581 3712 636 3765 PT
688 3714 705 3766 4
725 3713 846 3781 singulos
867 3717 941 3766 artus
962 3714 988 3766 Β
1060 3713 1118 3767 nidi
1139 3714 1249 3783 quidam

104 3806 169 3854 sunt
187 3802 258 3854 oculi
277 3817 326 3856 one.
343 3801 369 3853 Ρ
387 3802 417 3854 in
437 3807 512 3854 textu
527 3801 568 3867 pin
581 3819 632 3870 mp.
649 3806 690 3853 1111
709 3802 782 3854 nidi.
796 3844 800 3853 .
813 3845 817 3854 .
830 3803 929 3860 nostri:
949 3805 1034 3855 nostri
1051 3805 1080 3854 io
1095 3809 1169 3856 fectu
1184 3804 1249 3868 del.)

104 3894 120 3942 si
139 3890 235 3943 inserit
253 3890 293 3943 ed.
313 3890 391 3944 Ronr.
412 3890 526 3942 inseruit
545 3889 611 3943 lib-ri
704 3892 732 3943 ll
755 3891 928 3944 emicranium
948 3892 1000 3944 Po
1020 3893 1202 3962 emigraneam
1228 3893 1254 3945 Τ

104 3979 325 4032 onocraniumN
381 3978 413 4032 13
433 3995 461 4031 sc
484 3978 552 4041 TT‘,
572 3995 623 4032 om.
644 3986 690 4033 cet.
758 3981 790 4033 15
809 3981 879 4032 lianc
899 3981 982 4033 uitam
1002 3982 1055 4034 PB
1125 3983 1248 4036 loenim

103 4085 153 4121 0111.
174 4068 201 4120 Β
276 4069 307 4122 17
328 4068 408 4137 rigat*
432 4067 461 4120 T*
482 4069 587 4136 rigatur
605 4069 632 4120 Β
712 4070 742 4121 18
762 4069 892 4138 superiori
913 4069 945 4122 N
961 4071 1098 4138 superiore
1118 4075 1145 4123 et
1164 4071 1191 4123 P
1210 4075 1250 4129 (ct

103 4173 124 4209 s.
145 4174 169 4210 11.
190 4158 248 4224 1113)
270 4155 328 4208 l‘B
419 4156 451 4208 21
473 4158 501 4208 et
521 4157 569 4209 clf.
590 4157 623 4218 P,
643 4173 712 4209 eros.
738 4157 777 4217 T‘.
796 4175 847 4209 om.
872 4158 922 4210 ΤΒ
941 4158 1021 4211 ctiam
1043 4158 1072 4211 N
1140 4160 1175 4212 24
1195 4160 1248 4212 sibi

105 4246 211 4298 inuenit
230 4245 258 4297 B
312 4247 346 4299 25
366 4244 419 4297 sibi
438 4262 488 4298 om.
511 4245 536 4296 Β
592 4247 625 4298 27
644 4245 768 4299 nutribat
791 4246 816 4299 T
