2836 4822
158 321 222 383 342
627 318 829 373 Ambrosii

158 517 194 577 et
222 515 439 598 adpositus
470 519 532 579 est
560 514 605 578 ad
634 520 773 597 patres
805 534 913 580 suos.
938 516 1082 600 intellegi
1107 516 1190 580 enim
1215 518 1313 581 datur

159 623 243 708 quod
271 627 397 705 patrum
425 622 540 686 similis
570 623 666 686 fuerit
689 623 759 687 fide.
785 624 868 688 unde
894 626 992 688 claret
1016 644 1076 690 non
1101 624 1140 688 ad
1164 626 1310 708 sepultu-

114 731 133 791 u
157 750 224 793 ram
253 730 403 813 corporis
434 731 489 794 sed
518 730 556 793 ad
585 731 781 795 consortium
810 732 896 795 uitae
927 732 1072 796 relatum.
1104 732 1240 814 denique
1270 733 1308 796 de

158 836 246 900 Isaac
283 856 344 900 non
382 838 593 920 perfunctorio
631 839 786 920 scriptum
828 843 959 922 putatur
1001 840 1085 922 quod
1125 840 1308 922 relinquens

158 944 297 1026 corporis
344 944 440 1009 istius
486 944 635 1026 speciem,
683 966 761 1027 qum
807 947 929 1010 animas
972 965 1046 1010 suae
1089 946 1307 1023 adimebatur,
1340 974 1352 1010 s
1384 991 1393 1008 ,

158 1050 323 1132 adpositus
358 1051 400 1115 sit
432 1051 470 1114 ad
502 1072 602 1135 genus
634 1072 739 1130 suum,
772 1072 807 1117 eo
840 1053 925 1135 quod
955 1053 1052 1140 patris
1084 1053 1134 1117 sui
1162 1053 1307 1117 inanibus

158 1156 347 1222 adhaeserit.
373 1157 504 1242 pulchre
525 1161 631 1223 autem
653 1159 690 1222 sd
712 1179 811 1242 geraus
833 1161 888 1235 ait,
909 1180 969 1224 non
989 1160 1027 1224 ad
1047 1161 1201 1242 populum
1222 1161 1308 1225 sicut

159 1263 244 1327 alibi.
277 1284 349 1328 nam
379 1265 516 1348 legimus
548 1266 619 1330 aliis
651 1266 730 1331 locis
762 1266 926 1349 adpositos
954 1268 1055 1331 fuisse
1084 1266 1124 1330 ad
1150 1268 1305 1350 populum

159 1389 263 1446 suum,
289 1373 345 1435 sed
369 1372 424 1436 isti
448 1391 507 1437 non
537 1377 601 1436 tam
630 1376 842 1455 praestantes:
874 1374 1084 1456 praestantior
1114 1377 1219 1438 autem
1252 1376 1307 1457 qui

158 1498 329 1561 paucorum
370 1479 483 1542 similis
521 1480 617 1543 fuerit
654 1483 686 1543 et
721 1499 782 1544 non
815 1480 1025 1563 plurimorum
1056 1518 1100 1526 —
1133 1482 1241 1563 plures
1275 1483 1306 1545 in
1328 1510 1352 1545 ιο

158 1587 276 1669 populo
293 1606 350 1650 suo
368 1606 462 1667 quam
479 1586 509 1649 in
526 1606 638 1669 genere
657 1624 692 1632 —
712 1591 744 1651 et
758 1588 971 1672 praestantius
987 1588 1114 1653 ducitur
1132 1607 1306 1668 paucorum

160 1693 298 1757 similem
331 1712 399 1757 esse
429 1713 523 1775 quam
550 1693 769 1774 plurimorum.
795 1695 848 1775 qui
873 1714 946 1778 ergo
972 1695 1022 1758 dei
1046 1699 1112 1758 erat
1135 1701 1306 1778 generatus

159 1800 378 1882 promissione.
402 1801 456 1882 qui
481 1800 520 1864 ad
539 1800 729 1865 sacrificium
749 1802 927 1882 probandae
947 1803 1076 1886 pietatis
1096 1805 1229 1877 electus,
1250 1807 1304 1886 qui
1369 1812 1390 1865 1·

159 1908 254 1971 unius
289 1908 402 1973 uxoris.
437 1909 496 1971 hoc
531 1912 579 1971 est
613 1908 711 1972 solius
745 1908 916 1989 sapientiae
952 1909 1104 1974 societate
1136 1914 1304 1974 contentus

160 2016 287 2096 superni
319 2015 405 2078 illius
437 2016 572 2099 generis,
603 2016 686 2098 quod
719 2020 768 2079 est
798 2036 895 2080 111111111
926 2017 1050 2100 sibique
1080 2037 1204 2101 semper
1231 2037 1304 2083 corr·
1327 2043 1350 2081 o

159 2121 301 2196 ueniens,
348 2141 407 2184 uon
449 2121 590 2202 plebeiae
634 2123 768 2186 uilitatis
810 2122 951 2187 imitator
992 2122 1202 2188 adstruendus
1244 2125 1307 2187 suit

160 2228 334 2309 scriptume
359 2228 483 2291 diuinae
507 2228 700 2293 testimonia.
726 2229 841 2293 etenim
866 2229 920 2292 ubi
938 2228 1029 2293 labor
1047 2230 1189 2293 doctrina
1207 2232 1306 2296 medi·

159 2336 249 2407 tatio,
288 2336 355 2400 illio
393 2354 465 2399 curn
498 2337 643 2419 pluribus
677 2355 843 2400 corrnnune
877 2335 1048 2417 collegium
1081 2340 1113 2400 ct
1145 2336 1306 2418 quoddam

158 2445 309 2528 populare
338 2445 531 2508 consortium
563 2448 621 2508 est.
653 2443 807 2507 audiendo
839 2442 921 2506 eninr
953 2443 1095 2525 plerique
1124 2443 1306 2525 proficiunt.

160 2571 239 2634 quos
268 2553 443 2616 nominauit
469 2553 633 2633 populum.
664 2550 717 2614 ribi
746 2554 852 2614 autem
877 2569 938 2614 non
963 2551 1097 2615 humana
1121 2551 1305 2618 traditione.
1327 2576 1353 2612 s·

159 2660 216 2724 scd
238 2661 402 2744 ingeniosa
425 2658 611 2723 collectione
631 2659 697 2722 sine
717 2678 778 2722 usu
797 2657 914 2721 laboris
934 2656 1102 2739 disciplina
1120 2658 1305 2741 percipitur.

159 2767 224 2830 illic
255 2766 403 2831 sublimis
432 2766 556 2848 gesseris
585 2765 765 2846 inoonupta
789 2763 955 2828 sinceritas
980 2768 1038 2830 ost.
1064 2770 1095 2828 et
1118 2764 1189 2829 ideo
1215 2766 1306 2830 Isaac
1355 2774 1403 2828 tao

159 2878 318 2955 tamquam
346 2873 394 2935 dci
418 2891 533 2936 numus
558 2872 596 2934 ad
620 2891 720 2955 genus
741 2891 834 2934 surim
854 2872 956 2955 magis
976 2890 1069 2952 quam
1090 2871 1129 2935 ad
1148 2873 1305 2954 populum

160 2980 325 3062 adpositus
350 2979 477 3062 legitur.
502 2988 537 3041 ut
562 2978 740 3041 diuinorum
764 2978 872 3058 potins
893 2997 988 3059 quam
1006 2977 1216 3042 humanorum
1236 2979 1308 3042 imi·

159 3090 291 3150 tatorem
317 3085 416 3149 fuisso
441 3084 585 3148 sedulum
610 3103 828 3166 recognoscas.
1321 3106 1349 3144 ss

251 3328 261 3377 1
288 3326 354 3392 lteg.
378 3325 420 3377 lll
445 3328 469 3383 ι’,
495 3325 528 3377 10
619 3326 634 3376 3
659 3323 737 3376 Philo
762 3322 794 3375 de
819 3340 885 3378 sacr.
909 3322 925 3374 2
951 3322 1023 3387 (164,
1043 3322 1090 3383 31;
1109 3320 1122 3373 1
1141 3321 1202 3381 204,
1222 3324 1239 3373 s
1262 3322 1305 3375 Ul

159 3416 175 3468 6
196 3413 261 3467 Gen.
281 3416 324 3473 35,
344 3415 378 3467 ’29
448 3415 461 3466 Τ
482 3414 564 3466 Deut.
584 3415 626 3474 3⁵2,
644 3414 678 3466 50
697 3412 780 3465 llaec.
801 3411 813 3463 1
835 3412 875 3468 14.
895 3413 930 3464 311
994 3411 1029 3463 22
1047 3409 1126 3463 Philo
1146 3408 1180 3462 dc
1198 3426 1267 3463 sacr.
1288 3412 1306 3463 ‘2

160 3504 297 3571 (1114.33;
318 3503 410 3559 1204.
432 3504 461 3555 11
486 3504 526 3567 (Γ.)

195 3681 211 3732 ‘2
231 3679 309 3732 fidem
329 3679 366 3732 M
383 3692 419 3737 (m
440 3678 502 3744 del.)
559 3678 677 3731 declaret
695 3678 717 3730 S
736 3676 780 3733 ule
800 3681 881 3743 crus.)
901 3676 959 3729 PV
976 3675 1124 3729 declararet
1142 3674 1185 3727 Μ’
1230 3676 1307 3728 tre·

160 3770 283 3837 linquens
302 3769 425 3837 dlonpey
445 3765 566 3829 (ἐκλείπει
580 3768 673 3830 Plu'lo)
690 3767 827 3834 requirens
843 3765 908 3818 libri
944 3767 959 3819 6
975 3764 1134 3817 adhaereret
1146 3763 1308 3817 moribusB

162 3860 190 3912 ll
214 3858 314 3910 dicitur
332 3855 437 3908 MBM'
457 3861 482 3908 et
502 3860 581 3917 (corr.
600 3858 657 3921 2112}
677 3854 712 3906 ,4¹
751 3855 783 3905 15
803 3871 883 3923 super
902 3853 1002 3906 nullius
1022 3852 1161 3906 AA‘M'V
1177 3857 1203 3905 et
1223 3855 1307 3906 (corr.

159 3950 216 4007 11121
240 3946 273 3997 Ρ’
380 3946 411 3998 lli
436 3945 564 3997 utilitatis
590 3943 612 3997 S
640 3948 692 4001 (1111
715 3961 747 3996 cx
771 3943 899 4012 uilitatis)
923 3942 959 3996 M
1062 3943 1093 3994 17
1118 3940 1258 3994 doctrinae
1286 3943 1311 3997 S

159 4036 185 4103 (c
206 4039 260 4097 ne.?)
281 4034 345 4087 sal‘
437 4035 468 4086 lit
493 4033 532 4086 illi
558 4032 711 4101 copluribus
736 4032 763 4084 Ρ
868 4033 985 4101 collegis
1009 4031 1032 4085 S
1053 4033 1081 4098 (d
1103 4031 1134 4083 in
1156 4034 1224 4097 ras.)
1248 4033 1309 4085 col·

160 4151 232 4219 legio
256 4151 292 4203 11¹
374 4149 407 4202 '20
427 4167 481 4202 non
499 4166 550 4201 orn
570 4148 605 4200 ,ll
694 4150 728 4202 ‘23
753 4148 779 4201 di
796 4115 882 4201 ¹dunm
902 4148 925 4202 S
948 4153 978 4203 (s.
998 4164 1069 4200 sun·
1088 4153 1112 4200 et
1132 4145 1308 4215 111211111ιί8)

161 4238 188 4291 di
207 4255 300 4290 smnus
319 4238 354 4290 Jl
