2836 4822
165 337 229 398 310
632 335 830 388 Ambrosii

164 530 251 594 caelo
276 529 314 592 ad
338 528 523 604 secundum,
549 546 566 589 a
590 526 728 590 secundo
760 526 846 590 caelo
871 525 910 588 ad
933 526 1064 590 tertium
1092 527 1207 592 mentis
1232 531 1308 592 tinae

163 637 272 719 uigore
303 635 443 716 rapiaris.
472 634 531 698 hoo
561 637 609 697 est
632 632 706 714 quia
734 632 870 714 primurn
896 633 1114 716 unusquisque
1138 633 1233 698 homo
1259 639 1309 699 est

165 742 344 825 corporalis,
376 741 514 805 secundo
546 739 701 809 animalis,
732 739 826 804 tertio
858 739 1022 822 spiritalis,
1052 741 1079 804 si
1107 740 1152 804 ita
1176 741 1309 822 rapiaris

165 848 204 912 ad
227 849 356 911 tertium
387 846 520 923 caelum,
549 850 585 909 ut
614 845 722 909 uideas
752 846 906 929 fulgorem
938 846 1056 930 gratiae
1086 847 1241 930 spiritalis
1266 885 1311 895 —

165 955 310 1018 animalis
339 953 420 1017 eninr
451 952 544 1017 homo
574 971 653 1036 qnae
681 952 914 1034 suntspiritus
938 954 1049 1036 nescit,
1073 957 1105 1017 et
1127 953 1197 1018 ideo
1222 955 1309 1019 tertii
1344 982 1357 1019 s

165 1061 244 1125 caeli
270 1061 410 1124 ascensio
435 1059 494 1123 tibi
519 1063 568 1123 est
591 1059 779 1135 necessaria,
803 1061 840 1123 ut
862 1058 993 1142 rapiaris
1011 1059 1043 1123 in
1062 1060 1245 1142 paradisum
1266 1099 1309 1106 —
1376 1070 1396 1122 r

164 1167 295 1250 rapieris
323 1168 385 1230 iam
416 1166 482 1229 sine
511 1165 661 1247 periculo,
690 1169 727 1228 nt
755 1166 858 1246 possis
887 1164 1060 1230 diiudicare
1089 1165 1204 1245 omnia,
1234 1168 1310 1250 quia

165 1273 375 1356 spiritalis
396 1273 601 1337 diiudicat
623 1272 764 1339 ornnia.
785 1272 872 1354 ipse
892 1276 1024 1337 antem
1045 1292 1064 1337 a
1082 1274 1238 1338 nemine
1258 1274 1311 1337 di-

164 1379 203 1442 iu
214 1380 350 1444 dicatu
361 1401 385 1457 r,
405 1383 437 1444 et
450 1379 585 1443 fortasse
601 1379 691 1460 qrrasi
707 1379 810 1442 adhuc
825 1379 949 1462 fragilis
964 1379 1073 1443 audies
1091 1380 1185 1444 uerba
1200 1380 1311 1444 ineffa-

165 1487 251 1561 bilia,
273 1506 352 1568 qnae
372 1506 432 1550 non
446 1486 543 1549 liceat
557 1485 675 1549 homini
689 1485 788 1566 loqui,
802 1488 833 1548 et
847 1487 923 1549 tuno
939 1485 1023 1568 quod
1038 1486 1195 1568 acceperis
1211 1507 1310 1553 reser—
1332 1518 1358 1566 n»

165 1598 240 1658 nato
256 1598 287 1656 et
303 1593 386 1676 quod
403 1592 541 1657 audieris
558 1592 693 1657 custodi.
712 1593 834 1656 Paulus
854 1593 1018 1675 apostolus
1038 1593 1250 1671 custodiebat,
1270 1614 1311 1657 ne

164 1701 324 1764 laberetur
334 1702 385 1764 nel
397 1701 475 1764 alios
487 1704 570 1764 certe
584 1701 703 1764 faceret
713 1719 823 1764 enare.
836 1703 892 1763 aut
901 1699 1034 1764 sortasse
1047 1699 1119 1764 ideo
1135 1700 1215 1763 dixit
1228 1700 1312 1763 Pau-

168 1808 234 1872 lus:
251 1827 343 1888 qrrae
360 1827 427 1873 non
445 1808 538 1871 lieet
552 1807 572 1870 h
585 1807 698 1871 omini
712 1806 825 1887 loqui,
847 1807 921 1888 qnia
936 1810 1002 1870 erat
1016 1806 1118 1870 adhuc
1132 1806 1164 1870 iu
1180 1824 1312 1888 corpore

166 1914 370 1980 coristitntus.
396 1915 455 1978 hoe
480 1918 530 1976 est
552 1913 682 1977 uidebat
705 1913 799 1977 istius
824 1913 963 1996 eorporis
982 1913 1158 1996 passiones,
1178 1913 1311 1978 uidebat

164 2019 268 2103 legens
298 2023 398 2084 earnis
428 2040 503 2085 suae
531 2023 759 2103 repugnantem
787 2020 852 2104 legi
880 2020 995 2084 mentis
1024 2040 1111 2086 suae.
1139 2022 1201 2085 hoo
1225 2021 1310 2085 enim
1331 2048 1356 2086 11

166 2127 249 2189 nralo
281 2127 431 2210 intellegi,
462 2147 500 2192 ne
532 2128 697 2191 uideamur
727 2127 882 2208 quendam
913 2126 1016 2192 adhuc
1047 2126 1146 2192 futuri
1176 2126 1311 2209 periculi
1359 2135 1407 2190 169

165 2231 280 2295 iactare
309 2236 472 2301 torrorem:
505 2234 547 2297 sit
576 2233 659 2296 euim
688 2233 740 2297 uel
763 2238 891 2316 propter
914 2233 994 2297 hane
1020 2233 1117 2297 uitam
1142 2235 1311 2308 securitas,

166 2343 203 2401 ut
240 2340 342 2403 nullos
380 2339 660 2422 praeuaricationis
697 2340 829 2422 posthac
864 2341 989 2404 sutrinae
1030 2340 1161 2422 laqueos
1203 2340 1312 2404 formi—

167 2445 288 2509 demus.
313 2465 387 2530 ergo
412 2448 605 2529 quicumque
628 2447 777 2511 fueritin
802 2447 946 2530 paradiso
972 2447 1154 2511 ascensione
1178 2446 1312 2511 uirtutis

167 2551 275 2614 audiet
298 2552 446 2634 nrysteria
470 2552 519 2616 dei
543 2571 656 2615 areana
679 2553 734 2617 illa
758 2556 852 2635 atque
872 2555 1002 2630 secreta,
1023 2553 1131 2617 audiet
1149 2552 1309 2619 dicentem
1330 2581 1356 2623 ao

166 2658 327 2721 dominum
347 2662 510 2740 tamquam
528 2659 642 2722 latroni
661 2660 709 2722 illi
729 2679 746 2722 a
766 2662 884 2724 scelere
904 2660 943 2724 ad
967 2658 1198 2724 confessionem
1219 2661 1309 2724 etad

164 2764 257 2828 tidem
274 2765 469 2829 alatrooinio
486 2766 670 2832 reuertenti:
687 2766 799 2830 hodie
814 2785 957 2831 meeum
973 2765 1047 2829 eris
1066 2766 1103 2829 iu
1119 2766 1309 2848 paradiso.

254 2956 300 3009 51
321 2955 380 3009 Cor.
401 2956 474 3017 214
525 2956 572 3009 al
593 2954 652 3010 Cor.
673 2958 698 3017 2,
720 2958 751 3009 lsi
804 2956 836 3009 12
855 2957 1024 3026 Augustinus
1039 2960 1132 3010 contra
1145 2956 1198 3011 Iul.
1214 2957 1307 3025 Pelag.

164 3043 191 3096 Il
211 3047 235 3105 ῦ,
256 3046 289 3097 13
310 3044 598 3109 (tortasse...rnentis
618 3045 693 3114 suae)
760 3044 838 3098 1311
858 3044 916 3099 Cor.
939 3046 979 3110 12,
998 3045 1016 3097 4
1080 3045 1113 3099 14
1131 3045 1208 3099 Rom.
1229 3046 1254 3107 7,
1274 3047 1308 3100 23

164 3134 199 3186 20
218 3133 281 3187 Luc.
301 3133 343 3195 23,
363 3136 397 3186 13

203 3259 213 3308 l
237 3275 252 3310 a
271 3257 387 3311 sectando
406 3273 456 3310 ona
476 3256 503 3310 R
576 3258 678 3310 caelum
697 3258 772 3318 ΒΨ,
791 3258 863 3311 eaelo
883 3274 933 3312 om.
955 3256 979 3309 (ι’
1030 3257 1270 3327 2lrunusquiaqne
1283 3259 1308 3310 A

165 3345 193 3411 (11
212 3346 293 3412 oreas.)
352 3344 492 3413 ⁴liutgero
512 3345 539 3398 P
591 3347 607 3399 5
628 3347 738 3415 spiritus
759 3346 801 3399 elei
820 3346 850 3399 N
869 3347 975 3405 1τάτοὺ
994 3344 1139 3415 πνεύματος
1157 3352 1204 3399 τοῦ
1221 3348 1308 3414 θεοῦ).

165 3435 181 3487 6
201 3433 312 3502 rapieris
332 3437 394 3498 (one.
414 3436 455 3503 ut)
476 3434 589 3488 APVD
644 3437 658 3488 7
678 3435 789 3504 rapieris
805 3434 916 3488 APVD
935 3434 1047 3504 rapiaris
1066 3440 1113 3489 cet.
1168 3434 1185 3488 8
1205 3437 1309 3505 autem]

166 3523 236 3575 enim
255 3522 283 3575 R
354 3522 491 3576 indicatur
508 3523 632 3578 RMCV⁴
688 3525 1014 3592 arnaginensem.)
1071 3524 1102 3578 ll
1124 3524 1262 3579 custodito
1281 3525 1315 3578 N

167 3612 200 3664 12
219 3609 287 3664 dicit
308 3609 331 3663 0
421 3613 452 3665 13
473 3629 541 3681 quae
561 3612 733 3681 Augustinus
752 3613 797 3681 qui
822 3612 848 3664 V
864 3614 928 3681 qula
946 3619 993 3667 cet.
1072 3612 1105 3665 14
1124 3613 1265 3682 passiones
1283 3615 1311 3666 A

165 3700 191 3767 (e
211 3716 243 3752 ex
260 3700 281 3764 i)
375 3702 407 3755 15
426 3701 542 3753 aerianis
562 3703 587 3753 A
607 3702 642 3770 (ci
661 3707 743 3768 1111.)
847 3706 1059 3770 repugnantem.
1072 3744 1077 3753 .
1090 3716 1171 3757 ,11111
1190 3717 1242 3757 om.
1260 3701 1312 3756 doc

165 3788 234 3857 sipla
243 3796 277 3853 ÷:÷
292 3790 432 3858 aalscra'pto
445 3789 472 3842 A
491 3790 561 3859 (fuit
580 3792 611 3843 in
629 3808 678 3859 1119.
697 3791 749 3858 tuf.
764 3806 840 3844 nunc
855 3791 971 3855 abraso)
1011 3793 1043 3844 16
1058 3789 1183 3860 intellegi
1197 3791 1269 3844 nialo
1283 3790 1312 3844 B

168 3879 198 3931 17
218 3878 288 3943 sieut
307 3880 333 3931 A
352 3880 391 3932 sic
409 3878 464 3933 120
545 3880 577 3932 la
597 3879 709 3948 posthac
728 3877 850 3933 SnP‘r'·‘
870 3886 932 3950 post
950 3880 1020 3934 hano
1038 3885 1085 3934 oet.
1174 3881 1207 3934 19
1226 3878 1311 3949 inem

167 3966 247 4019 luerit
266 3969 290 4018 A
384 3968 548 4031 ascensionis
569 3973 594 4033 (e
613 3984 633 4020 a.
653 3968 677 4031 is
699 3970 802 4034 1111111
893 3970 927 4022 20
946 3968 1111 4038 1111111111]
1131 3968 1210 4023 audit
1229 3970 1314 4025 APD

202 4073 299 4108 arcana
317 4056 352 4109 M
370 4058 487 4111 archana
505 4063 551 4112 oet.
647 4057 754 4112 dicente
774 4058 881 4111 donnino
901 4058 934 4111 M
1023 4059 1056 4113 21
1077 4044 1142 4113 dani
1159 4059 1191 4112 in
1207 4075 1266 4114 rae.
1287 4065 1314 4114 A

202 4146 228 4213 a]
250 4146 282 4198 ab
303 4146 451 4200 anisam
551 4145 631 4199 etad
652 4147 730 4200 fidem
750 4164 765 4200 1
783 4147 925 4202 latrocinio
944 4152 991 4200 m2
1009 4148 1087 4209 PP“,
1105 4163 1157 4204 om.
1179 4147 1209 4203 0.
1231 4154 1259 4204 et
1278 4150 1316 4204 ad

165 4232 228 4285 fidei
246 4234 419 4287 latrocinium
438 4239 481 4288 rnl
499 4236 567 4287 PP'⁴
586 4242 633 4290 oet.
707 4237 741 4290 22
761 4237 927 4306 peruertenti
944 4237 973 4292 R
991 4238 1090 4291 reuerti
1110 4236 1137 4291 B
