2836 4822
326 377 473 431 Exameron
494 378 518 431 V
536 380 561 432 4.
581 381 606 440 5,
628 379 731 434 11-13
768 379 792 450 (Ι
810 381 845 434 83
864 381 960 434 1)-84
979 381 1022 450 D).
1179 383 1241 449 149

93 576 151 637 aut
187 573 286 636 boues
324 591 361 636 ex
398 592 458 636 una
491 577 579 655 parte
613 573 722 638 dentes
755 575 883 650 babent,
917 576 972 639 sed
1004 595 1075 660 pars
1108 579 1241 659 utraque

93 683 215 744 armata
243 683 293 743 est
320 678 479 755 dentibus,
510 681 583 762 quia
610 681 643 744 in
667 700 749 763 aqua
772 684 846 746 sunt
870 685 910 756 et,
936 683 963 747 si
987 683 1108 747 diutius
1133 683 1238 747 cibum
1263 693 1286 748 Β

93 788 258 851 uersarent
290 790 321 851 et
354 807 414 850 non
447 787 510 851 cito
543 788 804 866 transmitterent,
834 808 986 871 aquarum
1014 789 1175 854 alluuione
1204 789 1242 854 de

94 892 244 957 dentibus
274 873 382 958 eorum
411 913 483 958 esca
511 897 621 978 posset
648 895 765 959 auferri
792 914 828 959 ac
858 895 947 960 dilui.
977 895 1047 960 ideo
1072 895 1187 960 densos
1211 900 1244 959 et

59 1003 205 1064 secutos
235 999 362 1077 habent,
392 1003 429 1064 ut
458 1001 520 1064 aito
550 1001 700 1075 incidant,
726 1002 789 1066 aito
814 1001 984 1066 conficiant
1007 1002 1124 1080 cibum,
1148 1003 1242 1068 facile

94 1111 128 1171 et
160 1107 226 1170 sine
249 1107 367 1189 aliqua
398 1127 487 1172 mma
519 1111 551 1172 et
583 1107 733 1173 dilatione
762 1109 988 1173 transmittant.
1018 1109 1152 1192 denique
1180 1128 1242 1173 non

93 1215 265 1291 ruminant,
296 1215 383 1279 solus
412 1218 517 1278 tamen
547 1234 655 1279 scarus
679 1214 710 1278 in
734 1215 784 1279 his
808 1216 965 1279 ruminare
989 1216 1181 1298 perhibetur,
1206 1220 1243 1280 ut

93 1324 202 1386 ferunt
221 1321 337 1404 quibus
357 1325 413 1385 aut
432 1324 564 1385 euentus
585 1325 641 1385 aut
659 1341 737 1386 usus
756 1321 819 1384 fuit
837 1324 894 1385 aut
913 1322 1055 1386 studium
1074 1322 1151 1387 talia
1170 1342 1241 1387 con·

93 1428 298 1513 prehendere.
323 1448 398 1492 sane
421 1447 479 1493 nec
502 1428 563 1510 ipsi
588 1448 605 1493 a
629 1429 697 1493 suis
721 1429 881 1512 potentiae
905 1448 1033 1494 euasere
1056 1429 1241 1494 uiolentiam
1265 1440 1285 1496 C

49 1556 76 1596 ιο
95 1540 128 1601 et
146 1535 298 1600 auaritiae
316 1535 476 1618 potiorum
496 1535 633 1599 subiecti
651 1535 769 1616 ubique
788 1535 951 1600 inferiores
971 1540 1054 1600 sunt.
1075 1556 1136 1618 quo
1157 1537 1241 1618 quis-

94 1664 155 1727 que
184 1642 346 1717 infirmior,
376 1661 411 1706 eo
440 1642 566 1722 (plus)
596 1642 729 1725 praedae
754 1644 854 1724 patet.
884 1662 900 1705 e
944 1643 1085 1726 plerique
1114 1643 1241 1724 quidem

93 1750 200 1815 herbis
239 1754 414 1831 pascuntur
454 1768 490 1812 aa
533 1748 665 1813 minutis
708 1749 885 1824 uermibus;
925 1753 1000 1814 sunt
1040 1755 1145 1814 tamen
1188 1750 1240 1832 qni

93 1858 232 1922 inuicem
257 1875 290 1921 se
314 1856 467 1920 deuorent
490 1858 522 1919 et
546 1875 604 1920 sua
627 1874 718 1920 carne
741 1859 921 1938 pascantur.
944 1857 1047 1920 minor
1065 1856 1240 1939 apud‘illos

94 1967 144 2029 est
172 1983 243 2028 esea
271 1963 411 2040 maioris,
441 1967 474 2028 et
500 1982 611 2028 rursus
640 1963 708 2046 ipse
736 1963 837 2027 maior
860 1982 878 2025 a
901 1963 1056 2028 ualidiore
1079 1964 1242 2028 inuaditur

49 2090 75 2130 rs
94 2075 126 2136 et
159 2069 195 2133 fit
227 2089 299 2134 esca
332 2069 462 2134 alterius
495 2070 660 2152 praedator
692 2070 794 2134 alieni.
826 2069 934 2151 itaque
969 2090 1029 2134 usu
1063 2071 1160 2147 uenit,
1193 2074 1240 2141 ut,

95 2197 168 2242 cum
196 2178 265 2259 ipse
294 2177 390 2241 alium
421 2176 630 2255 deuorauerit,
660 2177 698 2241 ab
727 2177 788 2247 aiio
817 2177 988 2242 deuoretnr
1015 2182 1047 2242 et
1078 2177 1109 2241 in
1143 2198 1240 2242 unum

95 2288 239 2349 uentrem
264 2288 396 2366 uterque
420 2285 610 2348 conueniant
629 2304 702 2348 eum
721 2284 905 2349 deuoratore
924 2285 1049 2367 proprio
1070 2285 1241 2350 deuoratus
1260 2295 1284 2348 D

95 2393 201 2474 sitque
225 2392 322 2455 simul
344 2391 374 2454 in
401 2411 462 2456 uno
487 2391 609 2455 uiscera
633 2391 764 2475 praedae
790 2391 1011 2474 uindictaeque
1036 2392 1241 2456 consortium.

95 2505 128 2563 et
159 2498 238 2580 ipsis
272 2502 383 2580 sponte
415 2497 496 2561 forte
530 2497 607 2561 haec
640 2497 782 2561 adcreuit
813 2497 936 2576 iniuria,
970 2497 1055 2561 sieut
1086 2496 1117 2561 in
1151 2497 1241 2563 nobis

48 2628 76 2667 ιο
95 2625 156 2670 non
190 2625 225 2670 ex
258 2610 369 2669 natura
402 2605 516 2687 eoepit,
548 2604 605 2668 sed
637 2623 672 2669 en
705 2605 847 2680 auaritia,
881 2607 937 2668 aut
969 2605 1042 2687 quia
1075 2604 1113 2669 ad
1146 2624 1240 2668 usum

96 2713 260 2777 bominum
290 2712 354 2775 dati
384 2715 467 2780 sunt.
495 2711 528 2775 in
557 2711 684 2794 signum
714 2730 838 2794 quoque
867 2712 943 2776 facti
967 2715 1051 2789 sunt,
1076 2711 1166 2775 utin
1191 2710 1240 2775 his

94 2823 274 2884 nostrorum
302 2837 427 2882 merum
457 2818 536 2882 uitia
559 2818 739 2883 uideremus
764 2822 797 2881 et
820 2836 1003 2882 caneremus
1028 2819 1179 2899 exempla,
1203 2836 1241 2881 ne

94 2926 166 3008 quis
208 2926 311 3007 potior
347 2925 525 2989 inferiorem
564 2924 728 2988 inuaderet
764 2923 895 2988 daturus
932 2924 964 2987 in
1002 2943 1036 2988 se
1073 2924 1242 3007 potentiori

94 3033 273 3116 exemplum
308 3031 448 3098 iniuriae.
482 3031 590 3113 itaque
624 3031 679 3113 qui
712 3032 847 3095 alterum
874 3030 973 3095 laedit
1001 3030 1063 3095 sibi
1090 3031 1241 3114 laqueum

48 3158 75 3200 aa
94 3144 192 3222 parat,
216 3139 248 3202 in
274 3158 367 3221 quem
390 3139 460 3220 ipse
484 3138 612 3204 ineidat.

185 3366 215 3418 ιι
237 3365 299 3418 aas.
321 3366 372 3419 rsa
393 3363 413 3418 a
433 3365 479 3429 <aa
498 3364 532 3433 ι)

131 3490 142 3541 l
168 3505 217 3558 par
239 3488 312 3558 (pars
332 3489 409 3541 Pma
427 3494 452 3541 et
471 3489 506 3553 G)
532 3485 689 3558 utraquell
715 3493 827 3558 utraque
851 3505 913 3558 pars
932 3488 965 3541 N
1065 3489 1082 3542 2
1107 3488 1199 3558 quiin
1220 3488 1244 3541 C

93 3576 580 3645 adairsinp.mas‚om.un1‘13
691 3579 814 3647 4possit
832 3576 856 3629 11
880 3578 934 3648 (-et
953 3581 999 3630 m2
1020 3577 1056 3644 G)
1175 3577 1240 3629 den-

92 3684 136 3719 sos
166 3671 193 3730 (ο
222 3683 254 3720 ea
279 3671 307 3730 u)
335 3672 381 3720 m3
403 3668 425 3719 (J
444 3670 491 3719 m2
516 3665 542 3720 G
658 3667 674 3720 8
701 3667 755 3720 alia
782 3667 805 3720 0
828 3673 854 3720 et
883 3668 908 3720 G
935 3672 976 3720 ml
1005 3667 1032 3720 P
1056 3667 1125 3720 talia
1150 3665 1174 3718 C
1194 3670 1241 3719 m3

94 3756 121 3810 G
141 3760 189 3808 1112
316 3757 345 3809 11
369 3756 427 3824 pius
455 3755 562 3818 addidi,
589 3756 675 3825 magis
697 3761 761 3823 post
787 3754 902 3825 praedae
929 3756 968 3810 ed.
996 3756 1089 3809 Puris.
1117 3773 1143 3809 a.
1169 3758 1242 3808 1661

129 3844 223 3897 maiori
240 3848 270 3908 (s.
287 3859 312 3896 u.
328 3847 384 3896 mQr
402 3842 554 3913 praedesti
607 3845 639 3897 13
655 3842 824 3897 deuorantV
895 3850 1042 3914 pascuntur
1056 3841 1079 3894 11
1132 3844 1164 3897 14
1180 3861 1241 3896 esea

92 3933 201 3985 maioris
226 3933 331 4000 (maiori
351 3933 387 3993 B,
413 3936 455 3985 est
479 3936 539 3996 (om.
566 3937 602 3991 att
623 3932 654 3985 N
770 3950 785 3986 a
807 3932 893 3987 Gma
911 3949 962 3986 oni.
985 3932 1043 3991 CV.
1065 3934 1094 3985 in
1112 3933 1139 3985 P
1156 3933 1241 3985 unias

93 4021 145 4074 litt.
170 4037 225 4074 rna.
249 4027 287 4074 est
379 4023 409 4074 11
437 4022 600 4074 conueniunt
622 4021 680 4075 MS
702 4022 846 4074 conueniat
869 4023 929 4077 Atr.
956 4023 1040 4074 t'arn.
1064 4021 1131 4075 Diu.
1156 4021 1239 4075 Uind.

130 4116 254 4164 uoratore
273 4111 303 4164 N
360 4111 391 4163 18
412 4111 501 4180 sitque
519 4109 579 4164 MS
596 4111 633 4163 sit
650 4110 734 4179 fitque
754 4108 776 4161 11
798 4111 880 4180 fitque
899 4110 965 4164 N'B
1026 4111 1058 4164 19
1078 4111 1130 4178 ipsi
1151 4109 1172 4162 11
1193 4111 1240 4177 pis

93 4204 140 4253 aa?
160 4199 196 4259 Gr
266 4200 300 4253 20
320 4204 367 4252 aut
388 4200 411 4250 (2'
429 4212 456 4264 (u
476 4216 509 4253 ex
529 4204 556 4265 u)
630 4199 664 4254 23
684 4199 794 4252 daturos
816 4199 839 4252 0
856 4204 911 4264 (us
930 4201 988 4269 m3)
1060 4200 1095 4253 24
1113 4198 1199 4253 laedit
1220 4200 1243 4253 (⁷

94 4287 115 4351 11
133 4305 167 4341 ex
186 4287 214 4353 d)
