2836 4822
175 339 217 403 70
646 337 844 391 Ambrosii

174 533 321 600 faciam.
345 533 452 616 potuit
476 533 571 597 etiam
595 532 666 614 ipsa
690 552 841 614 aquarum
866 533 916 597 uis
936 531 1139 615 profundiora
1158 552 1194 596 ea
1214 534 1316 598 tacere

175 658 254 720 quae
290 639 448 703 insederat
483 642 571 704 tanto
608 640 764 703 fluctuum
802 642 891 704 motu
929 643 1079 720 tantoque
1117 644 1207 703 aestu
1246 659 1317 704 con·

175 745 330 810 citation's
355 745 514 822 elementi,
539 745 593 827 qui
618 745 733 809 cotidie
757 745 821 809 ima
844 745 951 830 pelagi
969 749 1114 828 torquere
1135 751 1166 810 et
1185 747 1317 811 harenas

175 856 297 916 uertere
321 853 423 916 soleat
446 850 484 916 de
507 851 673 935 profundo.
698 852 769 934 quis
794 851 906 915 deinde
931 852 1012 916 sciat
1039 853 1069 916 in
1102 856 1255 934 quantum
1284 874 1317 917 88

174 958 256 1023 illud
288 977 438 1044 magnum
472 963 504 1023 et
535 944 682 1024 inausum
715 959 940 1043 nauigantibus
970 963 1064 1041 atque
1092 960 1317 1043 intemptatum
1349 984 1362 1021 s

174 1066 280 1131 nautis
299 1066 412 1131 fundat
427 1085 522 1141 mare,
543 1066 628 1148 quod
646 1066 839 1130 Brittannias
859 1065 1015 1148 frequenti
1034 1066 1171 1130 includit
1184 1086 1318 1150 aequore

175 1176 270 1255 atque
293 1173 324 1237 in
348 1172 498 1237 ulteriora
517 1179 550 1237 et
567 1173 646 1256 ipsis
666 1172 782 1237 tabulis
801 1173 964 1236 inaccessa
984 1177 1103 1237 secreta
1123 1192 1156 1237 se
1175 1174 1317 1259 porrigit.

175 1279 246 1361 quis
271 1279 382 1344 deinde
406 1299 466 1344 non
493 1280 623 1364 colligat
643 1283 796 1363 quantum
814 1280 949 1344 Lucrino
970 1284 1002 1343 et
1019 1280 1144 1343 Auerno
1164 1281 1196 1344 in
1215 1281 1317 1357 Italia,
1383 1335 1384 1338 ,

174 1386 333 1452 Tiberiadi
362 1406 488 1470 quoque
515 1387 547 1451 in
574 1386 756 1450 Palaestina
784 1389 815 1450 et
843 1386 872 1450 ei
900 1387 995 1460 lacui,
1024 1387 1079 1467 qui
1106 1387 1188 1450 inter
1210 1388 1318 1452 Palae-

175 1493 292 1558 stinam
319 1495 352 1558 at
374 1494 556 1577 Aegyptum
579 1493 712 1558 Arabiae
742 1493 867 1557 deserta
894 1493 1081 1576 praetendit,
1111 1494 1318 1577 portibusque
1340 1520 1363 1556 ιο

176 1600 310 1665 diuersis
324 1600 465 1684 Augusti
480 1605 576 1683 atque
591 1599 717 1664 Traiani
737 1599 911 1681 ceterisque
931 1619 987 1681 per·
1005 1600 1190 1664 uniuersum
1211 1601 1319 1666 orbern

123 1706 316 1772 lbintusum
340 1706 498 1771 addiderit
521 1706 631 1771 inore?
657 1706 711 1771 sed
736 1711 811 1770 sunt
834 1707 929 1770 etiam
953 1725 1013 1770 non
1037 1706 1160 1770 confusi
1179 1708 1267 1772 lacus
1288 1713 1319 1772 et

176 1816 298 1898 stagna,
329 1833 408 1896 quae
437 1833 497 1878 non
526 1813 702 1878 miscentur·
725 1813 887 1888 ductibus
911 1817 949 1876 ut
971 1813 1082 1877 Larius
1108 1816 1140 1878 et
1162 1813 1317 1891 Benacus

174 1919 314 1984 Albanus
348 1938 473 2001 quoque
506 1919 623 2002 aliique
660 1920 786 2001 plures:
825 1919 982 2002 quomodo
1020 1939 1083 1983 una
1115 1922 1317 2004 congregatio

175 2029 353 2108 aquarum?
391 2026 446 2090 sed
482 2025 746 2108 quemadmodum
781 2024 898 2090 dicitur
930 2026 1004 2108 quia
1036 2025 1112 2090 lecit
1143 2027 1221 2091 deus
1255 2028 1318 2092 duo
1338 2052 1362 2092 1⁵

174 2132 352 2209 luminaria,
372 2133 470 2197 idest
490 2133 589 2197 solem
609 2136 641 2195 et
659 2133 778 2208 lunam,
799 2151 871 2196 cum
892 2132 956 2196 sint
974 2132 1085 2214 utique
1105 2137 1137 2197 et
1152 2133 1318 2198 stellarum

175 2239 307 2314 lumina,
340 2239 386 2303 ita
419 2242 451 2303 et
478 2259 541 2304 una
569 2239 772 2323 congregatio
801 2237 928 2315 diciturq
957 2259 1029 2304 curu
1059 2239 1124 2303 siut
1146 2240 1317 2324 plurimae:

175 2365 275 2427 neque
300 2345 384 2409 enim
407 2344 653 2410 adnumerantur
677 2363 756 2426 quae
780 2364 841 2410 non
866 2346 1077 2409 conferuntur.

77 2453 163 2537 4,17
221 2451 292 2534 Sed,
325 2457 363 2516 ut
393 2451 532 2530 uidetur,
565 2452 713 2534 quoniam
748 2451 785 2515 de
818 2452 896 2515 mari
928 2451 1089 2534 loquebar,
1120 2453 1319 2536 aliquantum

176 2559 423 2623 exrrndauimus:
462 2558 501 2622 ad
537 2558 736 2643 propositum
773 2560 969 2622 reuertamur
1010 2562 1041 2623 et
1083 2559 1319 2625 consideremus
1338 2589 1363 2628 no

177 2665 252 2748 quid
281 2666 324 2729 sit
352 2664 436 2747 quod
465 2666 510 2730 ait
538 2665 704 2730 dominus:
736 2668 988 2749 congregetur
1015 2684 1110 2747 aqua
1142 2666 1176 2729 in
1210 2686 1319 2731 unam

177 2771 509 2856 congregationem
543 2775 579 2836 et
612 2776 789 2854 appareat
817 2770 922 2834 arida
950 2774 982 2835 et
1010 2791 1070 2836 non
1100 2772 1177 2836 dixit
1205 2776 1318 2840 ‘ten·a'‚

178 2878 263 2961 quod
285 2879 444 2962 praeclaro
468 2877 610 2961 positum
634 2879 705 2960 quis
729 2897 789 2943 non
815 2878 984 2942 aduertat?
1007 2882 1089 2944 terra
1110 2880 1192 2942 euim
1211 2885 1319 2962 potest

179 2988 211 3049 et
232 2985 301 3050 luto
327 3004 397 3049 esse
420 2985 583 3067 permista,
609 2986 699 3068 aquis
723 2984 859 3062 madida,
884 2985 975 3050 cuius
1000 2986 1121 3067 species
1141 2987 1318 3068 superducis

266 3230 284 3281 4
303 3228 365 3282 aas.
384 3227 419 3282 aa
438 3229 461 3283 n
481 3229 526 3294 (38
544 3227 578 3293 a)
670 3229 687 3282 8
706 3228 768 3284 aas.
788 3229 822 3282 an
836 3206 875 3292 n,
895 3229 929 3284 88
948 3229 972 3283 a
992 3230 1036 3295 (88
1057 3229 1114 3297 cu)
1203 3232 1236 3284 21
1257 3231 1318 3288 aas.

178 3315 212 3371 aa
232 3316 252 3372 c
273 3317 318 3382 (aa
337 3317 371 3386 a)

212 3462 230 3514 4
248 3476 354 3514 uerrere
372 3459 471 3514 N¹MS
550 3463 646 3528 bpoat
664 3462 788 3514 inausum
808 3460 872 3514 add.
893 3459 980 3513 ditum
1001 3460 1142 3531 C(ortum
1160 3468 1192 3515 ut
1209 3463 1320 3515 uitiatur

177 3566 208 3602 er
225 3551 239 3602 l
258 3549 356 3618 ditum)
442 3550 608 3603 intentatum
629 3549 892 3618 Cintempestaturn
912 3549 952 3619 (88
972 3565 1030 3617 exp.
1045 3549 1149 3617 rr12)G
1217 3551 1318 3604 dbrit·

176 3639 264 3691 tantas
280 3638 367 3695 GPar
382 3638 532 3692 britannias
551 3638 600 3694 th
614 3644 639 3692 et
652 3642 694 3691 881
707 3637 744 3690 M
755 3638 932 3708 (brittannias
943 3642 1002 3703 m2)
1056 3638 1182 3692 trementi
1200 3639 1321 3694 Grn2N

176 3727 318 3796 7pabulis
337 3726 361 3779 Il
415 3726 565 3796 aeolligm
587 3727 647 3792 od
666 3744 699 3780 ex
718 3731 743 3793 e)
798 3727 968 3797 tityberiadi
987 3726 1040 3781 ΠΒ
1112 3726 1237 3797 lacuiquo
1256 3731 1316 3798 (oar.

176 3816 233 3886 qui)
256 3815 279 3869 O
319 3817 352 3871 10
370 3816 556 3885 portubusque
575 3816 633 3869 MS
650 3815 827 3884 partibusque
846 3821 893 3870 cet.
938 3817 968 3869 ll
990 3816 1099 3884 augusti
1117 3818 1164 3869 882
1182 3818 1318 3885 congusti

178 3904 232 3959 GP
249 3906 339 3974 agusti
361 3904 417 3962 022
500 3905 532 3959 13
551 3905 716 3958 misceantur
733 3903 831 3958 N‘MS
900 3905 983 3958 lairus
1005 3904 1054 3957 GP
1070 3910 1095 3958 et
1115 3908 1194 3968 (corr.
1213 3909 1270 3971 882)
1293 3904 1317 3958 G

210 3993 327 4047 benacus
345 3992 405 4047 MS
421 3999 447 4048 et
463 3997 510 4047 m2
531 3992 581 4046 CG
599 3993 740 4062 buenagus
762 3993 834 4047 0881
852 4010 969 4047 uenacua
991 3993 1068 4046 Grai
1086 3999 1132 4047 cet.
1226 3995 1259 4048 19
1278 3995 1317 4046 ui-

176 4082 271 4136 deatur
289 4081 326 4136 N‘
388 4081 519 4152 loquebar
540 4082 563 4135 0
581 4085 606 4147 (8
626 4098 658 4135 ea
676 4082 685 4134 i
704 4085 760 4147 m3)
779 4081 957 4150 loquebamur
974 4081 1040 4134 N⁴B
1101 4082 1272 4151 aliquantulo
1286 4082 1317 4137 ii*

176 4155 387 4237 (1888888882)
449 4172 485 4226 20
504 4170 705 4226 consideremus
727 4169 750 4223 0
768 4173 793 4235 (8
814 4172 861 4224 alt.
883 4171 1017 4233 cainiti)
1081 4173 1112 4225 21
1137 4187 1188 4224 uua
1207 4188 1317 4240 congre·

175 4259 284 4329 gatione
303 4260 372 4316 aar
392 4260 630 4329 congregationem
651 4275 731 4312 unam
755 4258 781 4311 V
833 4259 867 4311 22
888 4258 983 4312 dixerit
1001 4258 1031 4311 N
