2836 4822
314 367 355 420 De
375 367 434 420 Noe
455 368 496 420 11.
519 368 560 434 12,
579 367 685 422 37-39
724 367 747 432 (l
766 368 816 421 211
839 366 948 422 (1-242
969 366 1009 432 C).
1165 374 1227 435 437

83 563 167 627 enim
191 562 221 625 in
247 562 351 624 anima
374 581 474 638 meus,
498 563 559 627 hoc
583 562 686 626 anima
709 563 739 625 in
760 581 899 645 corpore.
925 562 953 625 si
972 582 1060 626 meus
1080 565 1148 626 tuta
1170 568 1227 628 est.

82 675 153 734 tuta
176 672 227 734 est
245 669 369 743 domus,
389 672 461 733 tuta
479 672 530 733 est
548 669 665 733 anima:
691 669 718 733 si
737 669 842 733 anima
861 670 1039 735 incolumis
1059 670 1229 735 incolumis
1257 682 1277 733 l*

83 796 164 841 caro.
180 795 269 840 mens
285 775 372 849 euim,
384 775 489 839 sobria
499 775 663 858 passiones
674 794 782 840 omnes
794 776 931 852 cohibet,
942 796 1054 841 seusus
1066 777 1228 860 gubernat.

83 903 260 948 sermonem
280 882 372 966 regit.
397 880 530 963 ideoque
550 884 628 947 bene
649 882 727 946 dicit
751 883 896 947 domiuus
920 883 1020 947 iusto:
1045 883 1153 946 intra
1176 888 1230 953 tu,

49 992 143 1055 shoc
167 992 230 1053 est:
255 989 286 1052 in
311 993 342 1054 te
366 989 472 1070 ipsum
496 989 588 1064 intra,
614 990 644 1053 iu
670 995 758 1054 tuam
782 993 933 1064 mentem,
956 990 986 1053 in
1012 993 1085 1054 tuae
1110 990 1231 1054 animae

82 1097 267 1181 principale.
300 1096 345 1160 ibi
374 1097 460 1160 salus
489 1099 548 1172 est,
579 1096 918 1179 ibignbernaculum,
951 1096 1029 1159 soris
1062 1096 1232 1161 diluuium.

82 1204 159 1268 loris
184 1204 371 1286 periculum.
397 1203 425 1266 si
449 1205 556 1266 autem
581 1203 667 1267 intus
691 1202 801 1277 fueris,
826 1209 858 1265 et
880 1202 957 1267 foris
983 1205 1073 1266 tutus
1094 1221 1138 1278 es,
1159 1203 1232 1284 qnia

84 1311 138 1375 ubi
162 1330 251 1375 mens
275 1310 326 1373 sui
350 1309 468 1374 arbitra
492 1313 549 1388 est,
574 1310 674 1373 bonae
695 1313 770 1374 sunt
787 1309 1008 1392 cogitationes,
1028 1309 1127 1373 bonae
1147 1329 1232 1374 erse-

83 1417 236 1481 cutiones.
275 1415 303 1478 si
340 1415 424 1479 enim
463 1414 542 1478 nihil
578 1414 652 1478 uitii
694 1418 831 1478 mentem
873 1414 1049 1492 obumbret,
1092 1415 1231 1478 sincerae

39 1523 295 1607 recogitationes
320 1527 404 1586 suut.
429 1521 457 1585 si
481 1521 585 1586 studio
610 1522 654 1585 sit
677 1522 819 1597 castitas,
845 1521 932 1586 cordi
950 1522 993 1586 sit
1011 1521 1230 1603 temperantia,
1241 1533 1329 1586 2121

84 1736 305 1821 aegritudiuis3
331 1735 486 1800 sobrietas
510 1736 592 1799 enim
616 1735 733 1799 mentis
757 1735 913 1798 medicina
938 1738 986 1799 est
1010 1734 1159 1817 corporis.

10 1847 36 1909 t9
128 1843 221 1908 Nunc
255 1841 492 1907 consideremus
526 1861 588 1924 qua
619 1843 739 1906 ratione
771 1841 879 1906 induci
906 1843 937 1905 in
966 1861 1069 1905 areum
1098 1841 1187 1905 iubet
1214 1862 1230 1904 a
1260 1845 1281 1897 B

84 1950 235 2014 iumentis
259 1949 386 2013 mundis
412 1952 534 2030 septem
558 1952 590 2012 et
610 1954 743 2031 septem,
763 1948 942 2012 masculum
963 1951 995 2012 et
1012 1947 1173 2021 feminam,
1193 1947 1231 2010 ab

38 2079 64 2117 15
84 2056 244 2122 inmundis
274 2059 380 2120 autem
410 2056 472 2119 duo
502 2058 534 2119 et
562 2054 634 2132 duo,
665 2057 702 2118 ut
729 2055 887 2119 nutriatur
915 2073 1022 2117 semen
1051 2054 1081 2117 in
1107 2072 1231 2118 omnem

84 2167 210 2227 terram.
244 2165 286 2240 et,
319 2171 356 2227 ut
389 2182 448 2246 ego
482 2162 625 2239 arbitror,
655 2162 732 2226 inire
760 2161 911 2226 mundam
940 2161 1060 2225 adserit
1087 2159 1232 2224 ebdoma-

84 2269 167 2342 dam,
198 2270 271 2352 quia
299 2268 436 2334 mundus
465 2272 498 2334 et
525 2288 615 2332 sacer
642 2267 798 2351 septimus
833 2287 999 2340 numerus3
1038 2266 1118 2330 nulli
1151 2266 1232 2329 euim

84 2376 238 2440 miscetur
265 2394 323 2439 nec
350 2376 402 2441 ab.
419 2375 480 2439 alio
510 2378 687 2458 generatur.
718 2374 853 2455 ideoque
882 2374 973 2457 uirgo
1002 2371 1129 2446 dicitur,
1159 2371 1232 2453 quia
1261 2384 1281 2439 c

85 2482 164 2545 nihil
188 2502 223 2546 er
247 2502 280 2547 se
305 2484 443 2566 generat,
469 2481 645 2562 meritoque
668 2484 832 2562 tamquam
853 2479 985 2544 materni
1005 2498 1112 2542 exsors
1132 2478 1233 2563 imnu-

39 2613 65 2648 11
84 2589 197 2671 nisque
230 2592 339 2671 partus
373 2592 406 2653 et
437 2589 601 2654 muliebris
635 2589 778 2670 copulae,
815 2588 875 2652 etsi
909 2587 1058 2652 ebdomas
1096 2585 1232 2649 femineo

85 2701 287 2779 nuncupetur
318 2696 487 2773 uocabulo,
520 2695 624 2759 uirilis
657 2696 753 2759 habet
785 2693 1043 2759 sanctificationis
1082 2692 1231 2775 gratiam:

86 2804 213 2868 omnis
247 2804 331 2867 enim
364 2804 572 2867 masculus
606 2803 842 2885 adaperiens
876 2802 1038 2866 uuluam
1078 2797 1233 2886 [sauctus]

86 2911 247 2975 domino
279 2911 457 2988 uocabitur,
482 2911 541 2974 hoc
566 2913 615 2974 est
648 2914 788 2975 sauctus.
817 2913 849 2972 et
877 2909 907 2971 iu
937 2908 1092 2990 propheta
1119 2906 1230 2968 habes:

87 3018 242 3101 effugit
269 3018 512 3100 peperitque
540 3017 775 3090 masculum,
804 3015 836 3079 id
865 3020 915 3080 est
939 3016 1093 3078 sanetum.
1122 3031 1232 3075 secun-

57 3149 69 3182 1
87 3125 146 3188 dus
171 3129 278 3190 autem
302 3143 452 3189 numerus
475 3143 536 3188 non
556 3126 606 3187 est
623 3125 748 3205 plenus,
769 3122 842 3204 qrrin
862 3121 996 3186 diuisus.
1022 3119 1105 3203 quod
1126 3122 1232 3182 autem

179 3367 210 3420 13
231 3365 297 3420 Gen.
318 3367 341 3426 7,
362 3362 656 3428 2Phi10Quaest.11
678 3365 710 3417 12
785 3364 816 3416 17
835 3362 914 3415 Plrilo
933 3362 1018 3431 Legg.
1039 3362 1119 3430 alleg.
1139 3362 1187 3415 15
1208 3361 1232 3416 ll

86 3459 130 3517 46,
152 3456 197 3516 13;
216 3454 229 3508 1
249 3457 292 3514 64,
314 3456 346 3508 19
368 3454 409 3519 C.)
430 3454 463 3507 de
483 3454 541 3506 uita
559 3453 645 3522 lloys.
666 3452 707 3506 lIl
727 3453 760 3506 27
777 3451 815 3517 qll
832 3452 890 3516 166,
906 3452 951 3516 39)
990 3450 1231 3505 sarcinulam

86 3544 311 3607 2411111667

125 3686 137 3738 1
158 3685 282 3738 aulurae
305 3683 336 3736 T¹
409 3684 490 3737 hoe»-
508 3684 536 3737 P
554 3684 592 3748 lin
613 3688 694 3748 erun.)
714 3683 765 3735 lroc
785 3688 827 3736 est
845 3682 871 3735 B
925 3683 941 3734 2
961 3681 1102 3734 incolomis
1122 3681 1185 3746 dria)
1210 3680 1234 3732 Τ

86 3778 102 3830 6
123 3773 270 3844 principale
289 3773 316 3825 Ρ
335 3773 371 3834 (al
390 3775 420 3826 in
441 3779 508 3839 ros.)
569 3774 585 3826 8
605 3772 785 3841 cogitationes
804 3772 831 3824 P
848 3772 888 3840 (gi
908 3788 940 3824 err
958 3771 994 3824 mi
1015 3773 1070 3835 113)
1145 3771 1232 3823 borrae

87 3870 151 3917 sunt
169 3863 201 3916 N
280 3864 464 3916 exsecutiones
486 3863 526 3927 (11
545 3874 612 3928 ras.)
633 3864 659 3915 B
753 3863 785 3915 10
804 3867 868 3915 suut
887 3862 1068 3931 cogitationes
1088 3861 1114 3913 Β
1196 3861 1233 3913 111

87 3986 360 4057 (1111111111.
382 3987 404 4039 si
424 3993 470 4040 cet.
491 3967 577 4056 (cor'di
597 3967 621 4040 11
644 3987 685 4055 P)
723 3987 753 4040 ll
770 3984 917 4040 inardescit
930 3985 1080 4039 flarurnaN
1121 3985 1232 4038 161111-

88 4103 231 4156 demadem
251 4104 276 4156 B
351 4104 383 4156 17
403 4069 528 4167 nqmerus
547 4103 575 4155 Ρ
628 4104 662 4157 20
682 4101 845 4156 ebdomadas
863 4101 888 4154 Τ
907 4108 930 4167 (1
950 4117 1030 4165 erno.)
1051 4101 1082 4154 T‘
1101 4100 1147 4170 (du
1161 4109 1231 4169 erp.)

88 4192 217 4263 epdomas
237 4191 269 4244 N
338 4192 372 4245 22
392 4195 502 4244 sanctus
521 4208 572 4245 orn.
592 4191 627 4255 B,
647 4191 749 4244 inclusi
820 4191 854 4244 23
874 4190 923 4244 hoe
943 4195 985 4243 est
1005 4193 1113 4242 sanetus
1132 4204 1183 4242 om.
1204 4189 1236 4242 N

88 4283 122 4335 21
143 4280 238 4334 effudit
262 4280 291 4333 T
310 4279 338 4350 (d
359 4297 391 4332 ex
410 4286 438 4348 g)
461 4279 491 4332 n'
564 4280 734 4350 peperitque]
753 4280 859 4350 peperit
878 4285 904 4332 et
923 4278 956 4334 N
