2836 4822
127 304 191 368 104
598 301 795 354 Ambrosii

124 513 197 559 narn
226 494 385 577 plerisque
413 494 493 559 locis
523 495 658 578 grauior,
687 494 847 577 plerisque
875 494 978 559 leuior
1005 495 1181 560 extimatur.
1206 513 1268 560 non

124 601 240 665 mirum
268 601 368 685 igitur
396 601 432 681 si,
462 620 535 666 eum
562 600 633 682 ipsa
658 601 689 664 in
720 620 753 665 se
778 601 945 684 discrepet,
970 600 1150 683 discrepent
1173 602 1270 666 etiam

124 709 206 773 inter
243 727 277 772 se
307 707 455 772 lacrimae
488 708 646 786 arborum,
679 726 758 790 quae
792 707 934 772 eiusdem
968 726 1067 790 aquae
1099 706 1269 773 adlnuione

125 818 322 899 generantur.
352 817 385 878 et
412 833 484 879 oum
512 834 574 879 una
602 814 646 879 sit
672 815 813 880 omnium
842 833 948 892 causa,
982 814 1128 879 diuersus
1161 815 1269 899 singu-

124 921 226 984 larum
267 940 357 998 usus,
395 921 521 986 diuersa
556 924 668 986 natura
705 926 764 988 est.
802 921 895 986 aliam
932 922 999 986 uim
1036 922 1132 986 habet
1168 924 1269 988 cerasi
1298 943 1311 983 a

124 1026 244 1092 arboris
284 1027 425 1105 lacrima,
467 1028 560 1093 aliam
601 1028 738 1093 lentisci.
775 1029 932 1110 disparem
971 1047 1097 1111 quoqne
1134 1028 1270 1094 balsami

125 1136 247 1218 guttam
286 1135 416 1201 odorata
451 1134 590 1199 orientis·
617 1135 704 1220 ligna
742 1135 855 1200 sudare
886 1135 1071 1217 produntur,
1105 1134 1268 1199 diuersum

124 1259 249 1324 quoque
275 1242 477 1307 lacrimarum
506 1261 606 1326 genus
634 1243 775 1326 uirgulta
802 1242 974 1306 ferularum
1002 1242 1033 1305 in
1056 1241 1202 1325 Aegypto
1232 1261 1269 1306 ac

123 1347 222 1432 Libya
245 1348 380 1431 quadam
403 1349 437 1413 ui
462 1353 590 1413 naturae
615 1349 793 1414 secretioris
821 1349 1028 1413 inlacrimant.
1058 1348 1134 1431 quid
1161 1351 1268 1412 alutem

123 1455 182 1519 tibi
214 1456 347 1520 referam
379 1493 422 1501 -—
456 1456 642 1521 clementem
679 1455 756 1520 licet
790 1473 861 1520 esse
898 1472 1076 1519 sennonem
1107 1491 1150 1501 -—
1183 1455 1269 1537 quod
1287 1479 1313 1519 ιο

124 1562 275 1627 electrum
299 1562 429 1627 lacrima
451 1562 584 1647 uirgulti
608 1562 652 1627 sit
674 1567 707 1626 et
728 1563 760 1626 in
779 1564 885 1626 tantae
904 1561 1054 1626 materiae
1073 1561 1268 1626 soliditatem

123 1670 254 1734 lacrima
272 1669 444 1734 durescat?
463 1688 521 1734 nco
539 1669 666 1735 leuibus
686 1670 719 1734 id
733 1669 910 1733 adstruitur
923 1668 1127 1745 testimoniis,
1143 1667 1267 1750 quando

123 1777 199 1841 folia
223 1779 278 1841 aut
301 1778 502 1842 surculorum
526 1776 760 1841 minutissimae
784 1776 944 1859 portiones
968 1779 1024 1840 aut
1043 1775 1155 1857 exigua
1174 1793 1268 1857 quae-

125 1883 196 1947 dam
229 1883 436 1948 animantium
469 1903 583 1968 genera
614 1884 646 1948 in
680 1885 796 1949 electro
831 1901 924 1966 saepe
951 1883 1157 1965 reperiantur,
1187 1900 1268 1963 quae

123 1990 252 2055 uidetur
279 2010 352 2056 oum
381 1991 484 2056 adhuc
514 1993 605 2076 gutta
628 1993 715 2055 esset
737 1989 872 2068 mollior,
896 1989 1054 2070 recepisse
1078 1992 1110 2053 et
1132 1988 1269 2053 solidata
1286 2010 1311 2051 ιε

121 2098 274 2163 tenuisse.
811 2120 816 2127 ·

79 2201 122 2265 64
169 2203 230 2268 Sed
253 2203 329 2287 quid
353 2222 411 2287 ego
435 2203 493 2267 uili
516 2223 658 2268 sermone
682 2203 814 2269 decemo
839 2223 911 2268 cum
931 2203 996 2267 alta
1014 2207 1108 2285 atque
1127 2202 1268 2286 pretiosa

121 2310 241 2375 ratione
277 2314 417 2386 naturae,
456 2329 528 2375 curn
565 2309 627 2374 iste
664 2329 767 2374 sermo
805 2310 942 2375 humano
984 2311 1087 2374 alatur
1127 2308 1265 2393 ingenio,

121 2421 265 2482 naturam
294 2424 399 2481 autem
430 2417 571 2481 omnium
598 2417 798 2500 prouidentia
821 2416 926 2481 diuina
951 2415 1159 2481 formauerit?
1182 2415 1265 2479 unde

121 2524 212 2588 uelut
247 2524 378 2589 habenis
412 2523 601 2605 quibusdam
634 2522 803 2588 uerborum
837 2523 1012 2588 cohibenda
1044 2522 1171 2588 diffusio
1205 2526 1264 2603 est,
1284 2546 1310 2587 ro

121 2649 159 2694 ne
197 2630 282 2713 quod
318 2629 480 2696 Solomoni
518 2629 698 2712 specialiter
733 2630 907 2713 sapientiae
944 2649 1073 2694 munere
1111 2629 1266 2694 diuinitus

121 2736 249 2801 uidetur
276 2756 346 2801 esse
375 2737 546 2809 conlatum,
575 2737 774 2819 usurpatorie
803 2735 970 2801 uideamur
998 2755 1150 2820 exponere
1178 2735 1265 2799 diffe-

120 2843 237 2909 rentias
261 2844 408 2908 arborum
432 2847 465 2908 et
486 2843 624 2908 uirtutes
647 2843 789 2908 radicum
813 2847 845 2907 et
868 2862 1087 2925 quaecumque
1110 2845 1186 2907 sunt
1213 2841 1265 2906 ab·

122 2950 264 3014 scondita
292 2954 324 3014 et
351 2950 522 3034 inprouisa,
552 2950 636 3014 sicut
664 2949 817 3034 scriptum
846 2953 904 3014 est.
934 2969 1014 3031 quae
1042 2968 1099 3014 nec
1127 2948 1165 3013 ab
1194 2949 1265 3030 ipso

210 3211 226 3264 5
250 3209 311 3264 Bas.
338 3210 389 3264 113
411 3210 458 3263 AB
487 3211 533 3276 (48
562 3210 630 3281 AB),
661 3210 693 3264 cl.
718 3211 788 3264 Plin.
813 3210 847 3263 N.
872 3211 905 3264 H.
930 3211 998 3264 Xlll
1024 3212 1072 3274 66,
1097 3207 1203 3263 XXIIII
1228 3210 1264 3263 42

123 3299 152 3351 ll
174 3299 237 3354 Bas.
258 3300 308 3354 113
328 3300 350 3353 Β
371 3299 416 3367 (48
436 3300 502 3363 AB),
523 3300 556 3354 cf.
576 3301 645 3354 Plin.
665 3299 699 3354 N.
720 3299 753 3354 H.
773 3300 901 3353 XXXVII
919 3301 953 3354 43
973 3308 1002 3353 et
1020 3301 1055 3355 46
1101 3300 1135 3353 23
1155 3298 1217 3369 Sap.
1238 3299 1264 3362 7,

121 3387 155 3441 20
174 3404 214 3455 sq.

160 3513 171 3567 l
198 3513 341 3566 extimatnr
363 3511 388 3564 Il
412 3513 571 3567 aestimatur
596 3512 679 3568 Gm2
702 3519 749 3568 cet.
841 3514 858 3567 2
882 3513 904 3566 si
929 3514 1000 3582 curu]
1025 3514 1095 3566 sicut
1115 3511 1140 3566 G
1164 3515 1223 3578 (m2
1241 3511 1264 3563 si

121 3602 201 3667 siout)
221 3603 253 3658 u*
310 3600 444 3672 discrepat
463 3603 544 3657 Gm2
567 3601 721 3673 discrepent
738 3602 806 3659 ‘llM‘
826 3601 980 3672 discrepant
997 3604 1030 3660 tl¹
1083 3601 1222 3655 teserasi
1237 3599 1264 3653 G

122 3689 222 3742 oerasci
240 3688 308 3744 uns
381 3689 553 3743 dlucrimam
575 3688 624 3742 c'P
714 3689 769 3742 alia
789 3689 864 3742 CPV
947 3691 1062 3758 igntta
1082 3688 1131 3742 ΟΡ
1201 3705 1263 3757 pro·

122 3775 278 3830 dunduutur
299 3776 322 3829 U
360 3777 469 3847 9libya
487 3778 554 3833 ‘XM‘
572 3778 640 3831 libia
659 3783 705 3831 cet.
752 3777 784 3831 10
805 3777 883 3831 decet
902 3793 960 3831 esse
979 3777 1021 3831 Μ.
1041 3777 1142 3845 Haupt
1164 3775 1261 3845 Operae.

120 3865 179 3920 III
197 3868 250 3918 618
315 3866 345 3918 11
368 3866 506 3919 soliditate
529 3866 607 3920 (er
672 3867 704 3920 14
725 3865 844 3919 elechtro
866 3867 889 3920 (³
905 3867 934 3938 (h
953 3871 1034 3931 erue.)
1053 3866 1081 3919 P
1098 3864 1216 3919 electhro
1240 3864 1266 3917 V

120 3953 204 4008 leotro
224 3953 257 4010 II‘
310 3956 341 4008 15
362 3954 528 4009 uidenturG
549 3970 576 4022 ln
596 3959 666 4023 erp.)
688 3961 733 4009 cet.
787 3955 820 4009 18
839 3956 891 4009 iste
913 3955 979 4021 Cle
998 3956 1028 4008 in
1047 3958 1114 4019 raa.)
1165 3952 1261 4006 2000-

120 4044 162 4097 lut
180 4041 290 4098 ssorSB
310 4048 337 4096 et
356 4043 432 4096 uelut
449 4043 486 4096 N*
560 4044 653 4098 abonis
675 4044 753 4099 CGP
815 4047 848 4098 21
869 4044 1000 4098 solomoni
1019 4043 1055 4097 M
1072 4042 1193 4096 solomon
1215 4041 1265 4095 GP

121 4132 241 4185 salomon
264 4132 338 4187 Geni
362 4132 386 4185 V
405 4133 536 4186 salomoni
557 4133 639 4188 Gaia
658 4141 704 4188 cet.
796 4136 830 4188 22
857 4133 1024 4203 usurpatoris
1044 4131 1127 4185 Mun
1150 4147 1261 4201 usurpa·

121 4223 207 4276 toriae
229 4222 252 4275 C
270 4229 296 4291 (a
317 4223 365 4276 arr.
385 4226 465 4290 eros.)
485 4229 532 4277 cet.
