2836 4822
184 352 248 416 ,114
658 348 858 402 Ambrosii

181 547 301 611 inlatus
320 565 378 610 nec
396 545 539 610 remissio
560 546 727 622 malorum,
746 545 803 609 sed
822 545 969 609 cumulus
988 544 1200 609 miseriarum.
1220 563 1337 610 uerum

184 655 210 718 si
233 655 312 718 iusti
336 653 396 716 uiri
416 657 553 717 mentem
573 653 764 726 consideres,
784 653 931 715 aduertes
951 652 1107 716 iustitiam
1126 652 1230 717 solam
1250 672 1334 723 esse.

183 782 263 844 quse
297 761 368 825 aliis
402 762 511 843 potius
543 764 617 824 nata
650 779 744 840 quam
777 759 839 823 sibi
872 778 933 823 non
967 758 1050 841 quod
1084 758 1145 823 sibi
1176 760 1259 824 utile
1285 767 1334 826 est
1376 769 1414 823 ‘aa

183 872 323 950 quaerat,
357 867 413 931 sed
446 868 528 948 quod
563 868 720 931 omnibus.
753 868 830 931 baec
862 885 920 930 nos
952 867 1148 949 requiescere
1182 867 1263 932 lacit
1295 870 1334 933 ab

183 975 332 1055 operibus
352 975 540 1056 iniquitatis,
561 975 637 1039 haee
656 978 786 1038 reuocat
805 995 822 1037 a
840 973 983 1051 tristitia,
1004 974 1078 1055 quia
1096 973 1172 1037 dum
1193 993 1335 1057 eaquae
1364 1007 1376 1043 s

182 1082 267 1146 iusta
300 1086 375 1145 sunt
403 1081 553 1166 gerimus,
578 1082 656 1146 nibil
679 1082 832 1146 timemus
856 1100 952 1163 purae
976 1079 1189 1145 eonscientiae
1213 1084 1334 1147 securi·

182 1192 258 1265 tate,
291 1208 351 1253 non
387 1189 531 1252 dolemus
566 1189 705 1253 dolorem
740 1207 884 1273 grauem;
923 1187 1001 1251 nihil
1034 1187 1117 1251 enim
1155 1191 1207 1252 est
1245 1190 1334 1271 quod

181 1296 309 1360 maioris
343 1295 460 1360 doloris
494 1296 536 1360 sit
569 1315 662 1378 quam
691 1297 803 1376 culpae
826 1298 944 1359 reatus.
968 1295 1206 1376 requiescamus
1231 1296 1331 1360 etiam

181 1403 218 1466 ab
245 1403 328 1466 omni
362 1422 437 1466 cura
469 1406 611 1466 terrenae
644 1402 905 1471 conuersationis,
930 1420 1009 1482 quse
1033 1420 1147 1485 eorpus
1181 1406 1333 1467 nostrum

181 1513 275 1590 atque
299 1510 434 1573 animam
458 1510 676 1592 frequentibus
700 1514 795 1573 uerat
817 1509 980 1573 doloribus
1008 1509 1172 1592 uitamque
1201 1510 1331 1575 adterit.
1352 1541 1377 1578 ιο

91 1607 155 1687 ‘2‚3
225 1615 309 1678 Huic
333 1633 408 1678 uero
432 1617 496 1677 tres
520 1614 578 1678 lilii
601 1615 677 1691 nati,
703 1613 775 1679 Sem
801 1613 899 1697 Cbam
923 1613 1068 1695 iapheth.
1094 1632 1173 1696 quae
1198 1617 1332 1681 nomina
1394 1628 1414 1680 B

181 1721 362 1804 significant
386 1722 524 1786 ‘bonnm'
549 1724 581 1785 et
604 1723 744 1785 ‘asisium'
769 1725 801 1784 et
824 1720 1037 1797 indifferens,
1062 1725 1099 1785 ut
1131 1725 1163 1786 et
1196 1727 1332 1789 naturae
1396 1734 1414 1788 c

181 1829 282 1911 gratia
306 1827 481 1892 bonitatem
507 1828 657 1892 habuisse
682 1829 891 1892 etmalorum
916 1828 945 1892 ei
963 1831 1193 1910 temptamenta
1211 1848 1332 1913 nequa-

181 1955 275 2015 quam
300 1935 439 1998 defuisse
464 1941 497 1998 et
518 1934 783 2009 indifferentibus,
804 1935 862 1998 hoe
883 1938 954 1998 est.
972 1985 978 1999 .
996 1987 1003 2001 .
1019 1936 1111 1999 uelut
1130 1937 1331 2017 supellectili

179 2043 336 2107 uirtutum
369 2040 546 2106 abundasse
580 2042 736 2106 uideatur.
763 2061 824 2123 qua
857 2041 976 2106 ratione
1010 2047 1116 2106 sutem
1149 2044 1273 2106 malum
1299 2045 1331 2109 in
1352 2076 1377 2112 is

180 2149 283 2213 medio
308 2149 461 2231 posuerit,
484 2149 565 2213 ratio
592 2149 722 2214 euidens
747 2154 805 2224 est,
831 2151 905 2231 quia
927 2152 1058 2213 naturae
1081 2150 1201 2214 bonnm
1226 2153 1331 2216 omni·

179 2257 238 2320 bus
257 2256 343 2319 inest
361 2275 416 2319 nec
437 2257 528 2337 quasi
548 2257 716 2339 naufragos
736 2256 766 2318 in
786 2257 891 2320 lucem
911 2256 1035 2337 proicit,
1056 2256 1111 2320 sed
1131 2259 1163 2320 et
1181 2257 1332 2322 suffulcit

179 2364 312 2440 uiribus,
337 2366 456 2427 utnon
488 2363 705 2444 opprimantur
732 2363 971 2444 temptamentis
999 2363 1140 2427 malitiae
1163 2382 1222 2427 nec
1246 2367 1331 2430 tam-

179 2489 273 2551 qnam
289 2457 422 2532 inualidi
438 2469 662 2545 subcumbant,
683 2472 715 2534 et
734 2471 836 2533 munit
856 2473 888 2534 et
905 2470 1006 2534 uestit
1024 2469 1115 2545 uelut
1133 2465 1331 2551 quibusdam

177 2577 407 2660 integumentis
440 2576 706 2652 indifferentibus
732 2596 810 2658 quse
840 2576 1037 2653 senterius,
1061 2577 1207 2641 ualitudo
1231 2578 1330 2657 bona,
1350 2590 1414 2647 20ss

177 2682 393 2766 pulchritudo
422 2683 594 2767 inpigritia.
625 2684 764 2756 diuitiae,
794 2684 904 2767 gloria,
934 2685 1058 2767 generis
1092 2684 1262 2761 claritudo,
1293 2695 1332 2753 ut

178 2810 214 2853 ea
238 2790 311 2853 dote
335 2789 450 2854 muniti
482 2793 631 2853 tueantur
664 2791 838 2855 bonitatem
871 2796 999 2855 naturae
1032 2795 1065 2855 et
1094 2793 1216 2858 malum
1244 2795 1331 2861 illud

176 2898 351 2975 includant,
385 2916 422 2961 ne
455 2897 558 2979 possit
592 2916 713 2974 nocere,
748 2901 779 2961 et
811 2898 902 2980 quasi
936 2899 1080 2961 clausum
1113 2901 1330 2984 strangulent.

177 3023 280 3066 nonne
305 3004 462 3068 cernimus
486 3003 577 3067 uelut
600 3004 699 3067 aciem
725 3004 880 3086 quendum
905 3003 1062 3067 uirtutum
1091 3004 1270 3072 ordinatam
1296 3011 1329 3074 in

176 3111 342 3190 proelium,
367 3113 402 3173 nt
427 3110 590 3173 inferiores
615 3110 645 3172 in
671 3111 775 3174 medio
800 3111 873 3183 sint,
908 3110 1014 3174 dextra
1046 3111 1202 3194 laeuaque
1233 3116 1331 3182 uelut
1349 3142 1376 3180 2⁵

269 3337 297 3388 ll
326 3336 392 3390 Geir.
420 3340 444 3401 6,
472 3338 484 3390 1
513 3343 540 3389 ot
567 3337 600 3389 10
625 3337 704 3389 Philo
733 3336 842 3401 Quaest.
869 3336 881 3388 l
907 3337 940 3390 88
1034 3340 1066 3391 17
1094 3337 1126 3392 ci.
1153 3336 1187 3390 de
1215 3355 1331 3395 excessu

177 3424 268 3478 fratris
289 3426 315 3478 ΙΙ
335 3427 369 3478 29

214 3549 370 3603 lremissio
389 3550 472 3613 que
492 3567 525 3604 cx
544 3567 572 3603 se
592 3555 648 3613 aad)
711 3549 899 3604 aconsidoss
923 3551 1029 3620 Tles.
1050 3551 1075 3616 a)
1149 3548 1283 3607 aduertas
1303 3554 1332 3607 B

177 3645 202 3691 et
222 3642 301 3702 (corr.
322 3639 458 3707 aduertes)
481 3639 507 3692 P
577 3638 684 3692 iustitio
704 3638 731 3691 P
751 3643 777 3701 (b
796 3657 828 3692 ar
848 3641 890 3705 ael
959 3641 975 3692 3
994 3643 1059 3692 nats
1078 3642 1120 3692 est
1138 3639 1166 3692 P
1182 3639 1239 3708 (est
1256 3656 1280 3694 s.
1301 3660 1329 3697 u.

178 3732 228 3794 nil)
251 3728 283 3780 T'
304 3731 357 3794 (est
376 3726 447 3795 cap.)
467 3733 514 3781 cet.
587 3727 654 3780 utile
675 3729 725 3782 sibi
742 3729 774 3780 N
822 3730 838 3781 l
858 3729 942 3782 saciat
960 3729 987 3781 P
1004 3731 1031 3793 (a
1051 3729 1099 3781 alt.
1119 3733 1191 3797 cap.)
1212 3730 1239 3782 Β
1258 3729 1333 3786 facit

178 3823 201 3877 rt
220 3834 252 3870 cu
271 3821 309 3882 at)
335 3817 364 3870 P
422 3816 578 3870 idolemus
597 3817 709 3871 PTNB
728 3819 809 3870 etium
835 3819 864 3871 T*
920 3819 998 3886 graui
1017 3817 1108 3871 dolore
1127 3816 1159 3870 N
1214 3819 1245 3872 11
1263 3819 1331 3874 huie

177 3923 210 3960 er:
228 3906 347 3960 huiusP
402 3907 555 3976 iaphethB
574 3907 659 3960 ialeth
681 3913 727 3960 eet.
767 3908 798 3960 13
818 3912 1017 3977 temptamenta
1037 3905 1109 3959 eiN
1143 3906 1176 3959 14
1191 3906 1330 3972 lucustam

175 3996 349 4064 significarem
368 3996 500 4049 excidisse
517 3996 630 4049 elidetur
647 4009 734 4064 neque
754 3996 832 4049 bonis
853 4012 940 4065 neque
959 3996 1036 4048 malis
1116 3994 1193 4048 uelut
1211 4011 1233 4049 s.
1252 4012 1283 4050 u.
1305 3999 1333 4051 P

179 4087 210 4136 ld
235 4089 277 4136 est
295 4088 392 4151 posteo
419 4083 483 4134 odd.
508 4083 541 4149 P,
565 4085 630 4150 sort.
655 4083 798 4136 delendum
891 4085 922 4136 19
947 4083 1062 4136 inualidi
1085 4083 1113 4136 P
1133 4083 1181 4153 (nu
1204 4083 1238 4136 in
1255 4092 1329 4148 ras)

212 4172 392 4225 subeurnbant
410 4173 438 4223 P
454 4173 631 4226 succumbant
650 4173 676 4225 P
695 4189 762 4226 corr.
782 4179 830 4227 eet.
904 4177 930 4225 et
948 4173 1037 4225 munit
1055 4172 1154 4241 scripsi
1173 4171 1222 4225 sed
1235 4177 1331 4236 munit

177 4260 242 4313 libri
296 4261 330 4314 20
349 4263 515 4330 tegumentis
538 4261 617 4314 ΤΚΒ
673 4264 704 4315 21
727 4261 935 4331 glorificandi
987 4262 1020 4315 '25
1040 4260 1151 4314 dextera
1172 4260 1266 4315 PNB
