2836 4822
183 333 248 397 420
648 330 845 385 Ambrosii

183 546 253 590 uem
287 527 343 592 illa
375 527 458 593 facta
492 530 588 604 eraut,
622 546 658 591 eo
693 528 803 609 ntique
837 527 940 592 deleto
969 529 1097 610 propter
1124 547 1218 609 quem
1247 528 1335 595 facta

184 636 260 698 suut
288 653 482 717 consequens
511 639 578 699 erat
605 638 642 699 ut
671 634 766 698 etiam
789 635 845 698 illa
869 634 1057 711 delerentur,
1082 634 1241 718 quianon
1267 639 1336 700 erat

131 812 138 825 ‚
184 741 237 826 qui
263 741 312 805 his
337 745 489 806 uteretur.
524 761 618 806 sensu
644 745 749 805 autem
774 741 886 806 altiore
909 741 990 805 illud
1013 741 1235 807 manifestatur
1259 742 1334 824 quin

184 848 278 912 homo
302 866 392 911 meus
417 850 476 925 est,
500 867 579 929 quae
605 850 654 911 est
677 847 808 912 rationis
833 867 943 931 capam
969 849 1062 914 homo
1084 849 1165 913 enim
1186 847 1336 912 definitur

184 953 300 1018 animal
332 954 446 1018 uiuum
479 954 611 1018 mortale
645 953 841 1020 rationabile.
875 955 1042 1037 principali
1069 954 1168 1038 igitur
1195 955 1333 1019 extincto
1361 976 1373 1016 a

184 1059 278 1124 etiam
310 1080 423 1124 seusus
449 1061 550 1126 omnis
573 1059 692 1144 pariter
715 1059 919 1143 extinguitur,
948 1081 983 1125 eo
1009 1061 1094 1142 quud
1117 1061 1196 1124 nilril
1218 1060 1334 1144 reliqui

185 1167 224 1231 ad
240 1167 376 1232 salutem
392 1169 539 1251 supersit,
561 1187 632 1232 cum
654 1168 766 1232 salutis
788 1167 1029 1232 fundamentum
1050 1167 1152 1232 uirtus
1172 1167 1334 1235 defecerit.

184 1275 224 1339 ad
248 1274 542 1340 condemnationem
567 1280 673 1339 autem
699 1279 875 1338 ceterorum
901 1274 994 1338 etad
1020 1274 1249 1357 expressionem
1271 1275 1336 1358 pie·
1393 1285 1414 1338 Ε

185 1381 260 1446 tatis
282 1381 407 1445 diuinae
427 1381 544 1445 dicitur
563 1381 633 1446 Noe
658 1380 740 1464 apud
765 1380 859 1445 deum
883 1381 1043 1446 inuenisse
1068 1381 1211 1465 gratiam.
1237 1382 1336 1446 sinurl

185 1487 363 1552 ostenditur
373 1488 455 1570 quud
473 1487 632 1552 hominem
648 1487 769 1552 iustum
784 1507 845 1553 nou
862 1487 1029 1552 obumbret
1042 1488 1175 1552 aliorum
1192 1488 1334 1566 offensio,
1354 1515 1378 1555 ro

186 1595 309 1676 quando
335 1595 403 1678 ipse
429 1595 467 1659 ad
491 1595 593 1659 tetius
617 1597 799 1659 reseruatur
822 1595 945 1678 generis
966 1594 1180 1664 seminarium.
1200 1596 1254 1677 qui
1274 1614 1335 1659 uun

185 1702 398 1785 generationis
432 1701 609 1777 nobilitate,
643 1702 699 1766 sed
731 1701 875 1767 iustitiae
914 1706 946 1766 et
980 1701 1183 1784 perfectiouis
1221 1701 1335 1765 merito

184 1808 343 1873 laudatur.
367 1807 492 1889 probati
513 1809 594 1872 enim
615 1808 675 1872 uiri
701 1827 802 1891 genus
826 1808 984 1872 uirtutum
1007 1807 1153 1890 prosapia
1177 1809 1237 1880 est,
1262 1809 1337 1889 quia

186 1915 269 1980 sicut
297 1915 462 1980 homiuum
492 1935 591 1999 genus
620 1915 763 1979 homines
791 1915 837 1978 ita
865 1917 1040 1980 animarum
1069 1934 1169 2001 genus
1197 1915 1336 1980 uirtutes

186 2026 270 2086 suut.
296 2022 411 2086 etenim
437 2021 575 2093 familiae
599 2023 764 2087 hominum
789 2023 954 2106 splendore
975 2023 1097 2107 generis
1117 2023 1335 2100 nobilitantur,
1354 2046 1379 2084 u
1397 2024 1414 2077 F

185 2129 359 2193 animarum
385 2135 492 2194 autem
517 2129 708 2195 clarificatur
731 2131 833 2215 gratia
858 2130 1024 2212 splendore
1047 2130 1190 2196 uirtutis.

95 2230 179 2312 b,ll
230 2234 416 2319 Corrupta
445 2240 503 2323 est
526 2239 648 2300 autem
673 2239 774 2299 terra
798 2255 919 2300 coram
945 2235 1009 2301 dec
1036 2238 1072 2301 et
1095 2236 1252 2319 impleta
1277 2235 1335 2301 est
1378 2247 1414 2301 23:

185 2343 288 2424 inquit
317 2343 525 2407 iniustitia.
558 2362 654 2407 causa
681 2347 822 2407 terrenae
851 2343 1048 2425 corruptelae
1077 2344 1246 2409 manifesta
1273 2349 1332 2419 est,

184 2469 220 2513 eo
237 2450 320 2531 quod
334 2449 493 2514 iniustitia
511 2449 673 2514 huminum
692 2455 808 2514 terram
828 2450 1013 2532 corruperit.
1031 2449 1116 2515 uude
1135 2454 1167 2515 et
1185 2450 1333 2515 dominus

185 2555 264 2620 deus
293 2556 350 2621 ait:
385 2560 535 2639 tempus
565 2557 682 2620 omnis
712 2556 874 2620 hominis
904 2556 1009 2621 uenit
1037 2560 1121 2621 ante
1149 2576 1220 2631 me,
1245 2557 1414 2638 quiaroB

184 2663 345 2745 impleta
378 2669 436 2728 est
468 2669 567 2728 terra
599 2662 875 2745 iniquitatibus
914 2663 1003 2729 suis.
1043 2668 1170 2746 tempus
1204 2664 1334 2747 quidem

185 2771 324 2835 omnium
354 2770 520 2836 hominum
549 2770 581 2832 in
611 2775 781 2854 conspectu
807 2771 857 2835 dei
881 2770 966 2834 etin
991 2770 1060 2835 eius
1085 2771 1249 2835 uoluntate
1273 2776 1332 2837 est.

184 2895 244 2941 nou
283 2878 376 2955 euim,
415 2881 452 2940 ut
488 2878 587 2960 uulgo
621 2878 720 2955 aiunt,
753 2877 849 2942 fatale
882 2877 1044 2942 decretum
1078 2878 1243 2961 allegatur,
1278 2879 1350 2950 sed*

184 2987 289 3047 tamen
328 2985 509 3067 specialiter
544 2984 595 3048 hic
629 2985 751 3049 dictum
784 2989 872 3068 puto,
905 2984 978 3067 quia
1010 2986 1041 3048 in
1076 2985 1241 3070 euangelio
1274 3005 1332 3050 suo

185 3089 331 3154 dominns
365 3090 587 3173 redempturus
617 3092 780 3155 hominum
810 3110 909 3174 genus
937 3089 1085 3172 passione
1113 3091 1163 3155 sui
1191 3092 1332 3175 corporis
1352 3120 1378 3158 es

185 3200 217 3260 et
240 3197 468 3261 emundaturus
494 3197 648 3281 sauguine
673 3217 731 3262 suo
757 3200 1017 3279 sacramentoque
1041 3197 1245 3280 baptismatis
1274 3199 1332 3263 ait:

273 3406 289 3457 5
310 3404 386 3458 Stob.
406 3405 464 3458 Eel.
485 3404 495 3457 l
517 3407 560 3463 49,
581 3407 597 3460 3
653 3407 668 3460 9
689 3406 755 3460 Gen.
777 3407 800 3468 6,
821 3406 837 3459 8
856 3406 935 3459 Philo
955 3405 1067 3471 Quaest.
1087 3406 1100 3459 Ι
1120 3408 1153 3461 96
1210 3408 1242 3461 17
1264 3406 1331 3462 Gen.

184 3496 209 3555 6,
230 3496 261 3547 11
283 3493 362 3547 Philo
383 3492 580 3558 Quaest.198
637 3495 672 3548 20
691 3493 757 3548 Gen.
778 3496 803 3558 6,
826 3496 858 3549 13

221 3619 232 3670 1
256 3619 342 3687 erant]
364 3621 428 3671 sunt
450 3618 482 3670 T‘
546 3621 562 3672 5
582 3618 675 3672 uiuum
694 3636 745 3673 om.
764 3620 792 3673 Β
864 3619 997 3674 rationale
1016 3619 1044 3673 Β
1064 3619 1106 3684 (in
1125 3636 1178 3688 quo
1197 3619 1332 3673 rationale

183 3707 308 3773 mortale)
328 3706 357 3760 N
431 3723 494 3776 ergo
513 3708 540 3760 Β
613 3709 741 3761 extinctio
762 3709 789 3762 P
806 3709 826 3778 (i
846 3710 894 3762 alt.
915 3711 995 3772 eras.)
1077 3707 1213 3777 bpariter
1232 3726 1283 3763 om.
1302 3707 1336 3762 N

185 3795 335 3864 {ignatium
355 3796 491 3848 inuenisse
510 3796 542 3849 N
612 3797 792 3865 simulqueT
847 3798 879 3850 13
898 3796 1030 3850 uirtutum
1054 3797 1183 3850 Tuirurn
1201 3797 1264 3867 (aaz.
1288 3798 1331 3862 Β)

184 3886 295 3938 uirtutis
309 3885 398 3937 PT¹B
413 3884 463 3949 uiri
484 3885 534 3937 uiri
555 3885 665 3938 uirtutis
679 3885 712 3938 N
780 3885 966 3955 prosapientia
984 3885 1145 3955 Tprosepic
1159 3886 1221 3955 (om.
1237 3890 1290 3954 eat)
1305 3888 1332 3940 B

187 3976 217 4026 16
230 3977 327 4036 Ιειιιῒειιι
348 3990 400 4028 our,
422 3972 453 4024 T⁴
511 3974 543 4026 18
563 3974 718 4042 iniqnitatis
737 3974 873 4027 iniustitia
893 3980 955 4039 (orn.
974 3975 1076 4044 inquit)
1097 3976 1122 4026 Β
1186 3975 1332 4031 manifesta

184 4063 209 4113 Β
229 4062 406 4114 manifestata
425 4068 471 4116 cet.
577 4064 608 4115 19
628 4062 789 4124 iniustitiar'p
811 4063 838 4116 P
919 4064 952 4118 23
967 4064 1064 4132 euulgo
1083 4063 1111 4116 P
1129 4066 1172 4127 (ut
1188 4079 1210 4117 s.
1229 4081 1297 4128 roa,
1316 4083 1331 4118 a

184 4151 228 4202 uel
247 4169 260 4203 e
280 4162 360 4208 erus.)
435 4152 469 4204 ‘23
489 4151 567 4204 fatali
588 4152 607 4208 (i
627 4153 658 4203 r'a
677 4160 744 4218 ras.)
766 4151 874 4206 decreto
896 4165 922 4218 (ο
940 4153 973 4206 iu
990 4153 1060 4221 ros.)
1083 4152 1108 4205 Τ
1196 4153 1333 4224 allegatur

183 4240 282 4306 scripsi
300 4240 430 4307 alligatur
449 4240 515 4293 libri
569 4242 602 4293 ‘24
623 4257 671 4292 suc
691 4257 742 4296 om.
761 4241 794 4293 N
847 4243 881 4296 26
900 4259 948 4295 suo
968 4242 1100 4310 sanguine
1120 4243 1146 4295 B
1301 4245 1302 4248 ’
