2836 4822
400 358 442 411 De
461 357 520 412 Noe
539 359 583 422 20,
604 361 634 412 71
672 358 696 425 (I
714 359 765 412 257
785 357 896 412 11-258
916 358 958 425 Ρ).
1216 361 1281 424 465

131 554 259 634 piscunt
283 572 339 617 nec
363 554 519 617 satiantur
543 552 734 618 adsiduitate
758 555 896 636 potandi.
928 553 972 617 ita
995 554 1082 617 fonte
1107 552 1280 634 sapientiae

132 661 276 724 certatim
294 660 408 742 repleri
428 659 614 737 desiderant,
635 679 729 741 quern
748 664 821 724 ante
841 660 949 743 sugere
970 659 1159 744 gestiebant.
1185 679 1279 740 quem
1303 669 1324 721 B

130 768 273 830 fontem?
298 766 371 830 andi
397 766 571 831 dicent-ern:
605 767 638 831 si
670 768 761 848 quis
792 767 898 831 sitit.
927 767 1068 831 ueniat
1092 765 1136 829 ad
1161 785 1216 830 me
1242 771 1279 829 et

131 873 257 938 bibat.
291 875 358 955 qui
388 875 522 939 credit
545 874 581 937 in
607 894 674 951 me,
700 875 811 938 sicut
835 874 939 937 dixit
963 876 1180 956 scriptura,
1205 874 1278 938 flu-

59 994 65 1003 ·
96 981 235 1044 omino
258 981 301 1044 de
325 985 468 1045 uentre
493 982 582 1046 eius
606 981 742 1046 fiuent
767 1000 890 1063 aquae
914 981 1043 1045 uiuae.

10 1088 79 1171 171
173 1089 208 1151 In
233 1088 334 1170 primo
359 1092 392 1152 et
415 1089 641 1153 sescentesimo
666 1108 746 1153 auno
773 1089 857 1152 uitae
880 1088 949 1152 Noe
970 1088 1069 1171 primo
1091 1088 1140 1152 die
1159 1088 1278 1152 mensis
1302 1093 1322 1149 c

126 1195 267 1279 <primi>
288 1195 444 1259 minutam
464 1215 578 1277 aquam
599 1195 677 1260 dicit
696 1217 714 1260 a
732 1196 813 1260 facie
832 1200 942 1267 terroe,
962 1196 993 1258 in
1013 1195 1150 1260 secundo
1170 1199 1276 1259 autem

128 1322 236 1367 mense
260 1303 396 1385 septima
420 1307 452 1367 et
474 1303 630 1373 uicesima
656 1303 707 1367 die
736 1303 854 1367 mensis
884 1303 1035 1367 siccatam
1064 1307 1177 1366 terram
1207 1321 1276 1366 esse

129 1412 364 1475 commemorat.
389 1410 465 1492 quid
485 1410 546 1474 sibi
566 1411 638 1473 nult
656 1410 711 1474 illa
730 1410 865 1475 adiectio
886 1411 924 1474 de
939 1429 1039 1492 aquae
1056 1409 1274 1483 inminutione,

83 1536 110 1579 ro
129 1534 200 1579 cum
225 1521 397 1599 supputata
420 1518 500 1582 ratio
524 1518 668 1598 superior
691 1518 1026 1582 annumconclusisse
1047 1515 1201 1592 uideatur,
1222 1515 1318 1598 quil)

128 1640 226 1687 annus
252 1644 270 1687 a
293 1624 430 1689 secundo
455 1644 563 1688 mense
588 1624 701 1706 incipit
724 1629 757 1687 et
779 1625 809 1687 in
835 1623 1008 1688 secundum
1033 1642 1173 1687 mensem
1203 1622 1274 1686 anni

36 1776 39 1782 .
129 1729 259 1795 alterius
287 1750 389 1812 usque
413 1731 625 1814 progreditur,
649 1731 710 1794 nisi
734 1732 814 1794 forte
837 1731 888 1794 hic
913 1730 990 1794 iusti
1015 1730 1148 1793 formam
1172 1729 1274 1793 dec-la-

128 1841 227 1900 ratam
251 1838 388 1902 uelimus
413 1838 566 1919 accipere,
591 1842 626 1902 ut
651 1838 770 1920 primus
790 1857 890 1901 annus
909 1838 936 1900 is
956 1837 1062 1912 fuerit,
1082 1856 1143 1918 quo
1169 1835 1273 1917 coepit

128 1941 296 2015 diluuium,
320 1949 394 2025 post
422 1945 684 2009 sescentesimum
713 1945 836 2008 scilicet
864 1964 963 2008 annus
992 1944 1123 2026 primus,
1152 1943 1272 2025 primus

82 2072 110 2114 na
127 2050 241 2115 iterum
266 2071 366 2116 annus
395 2055 427 2115 et
454 2053 575 2133 primus
605 2052 723 2116 mensis
751 2055 825 2135 post
852 2051 1115 2115 sescentesimum
1144 2070 1271 2123 annum,

127 2158 250 2239 quando
280 2159 402 2223 minuta
430 2163 480 2223 est
502 2180 584 2242 aqua
608 2179 625 2222 a
648 2159 728 2223 facie
751 2162 863 2234 terrae,
888 2177 923 2223 eo
949 2158 1033 2240 quod
1056 2158 1161 2221 iustus
1185 2157 1270 2220 etin

128 2268 328 2346 peccatorum
349 2268 561 2349 generatione,
582 2285 661 2348 quae
680 2271 808 2349 propter
827 2265 943 2329 delicta
958 2264 1061 2329 deleta
1076 2268 1135 2337 est,
1151 2262 1270 2327 uirtute
1295 2266 1316 2320 E

126 2371 247 2454 primus
273 2375 340 2435 erat
363 2377 395 2436 et
418 2374 448 2437 in
474 2374 614 2437 secunda
637 2374 848 2457 generatione,
873 2391 953 2454 quare
977 2371 1082 2453 eoepit
1100 2374 1173 2452 post
1192 2369 1272 2433 dilu-

126 2478 225 2545 uium.
245 2478 367 2561 primus
387 2480 505 2557 ordine,
526 2481 600 2563 quia
613 2481 735 2562 primus
752 2479 907 2544 secundae
923 2477 1133 2563 generationis
1148 2478 1220 2540 fuit.
1240 2481 1272 2540 et

77 2612 109 2653 no
126 2587 238 2650 merito
262 2588 382 2668 primns
412 2592 566 2652 sanuserat.
600 2592 682 2651 recte
711 2587 793 2651 onim
823 2586 851 2650 ei
875 2587 974 2650 honor
997 2584 1137 2648 defertur
1161 2583 1216 2665 qui
1240 2589 1271 2646 et

126 2693 244 2773 primae
269 2694 478 2776 generationis
503 2695 623 2775 primus
648 2695 711 2757 fuit
733 2697 765 2757 et
783 2693 968 2774 posterioris
992 2690 1191 2774 principium,
1217 2691 1270 2771 qui

127 2801 277 2864 meruerit
303 2805 336 2864 et
364 2800 401 2865 de
429 2802 485 2865 illa
513 2800 646 2865 euadere
670 2806 702 2863 et
726 2801 779 2864 isti
804 2801 843 2864 ad
867 2799 1068 2863 seminarium
1094 2797 1268 2879 propagari.

126 2926 196 2969 oum
232 2908 314 2970 enim
348 2909 401 2972 alii
435 2909 640 2990 deperissent,
675 2909 762 2972 solus
796 2908 881 2971 uitae
916 2905 1060 2989 egregiae
1094 2904 1205 2968 morito
1238 2908 1270 2967 et

125 3015 343 3097 praerogatiua
380 3016 509 3079 uirtutis
548 3015 630 3097 apud
669 3014 762 3078 deum
800 3014 890 3077 diues
929 3032 989 3076 non
1031 3014 1080 3075 est
1122 3016 1268 3093 expertus

74 3147 106 3191 ‚a
125 3120 264 3184 malitiae
288 3123 509 3204 corruptelam.
534 3142 589 3204 per
612 3142 704 3204 quern
730 3122 848 3185 sactum
877 3126 926 3184 est
955 3139 991 3183 ne
1020 3122 1124 3183 totum
1153 3119 1314 3198 corpusF

213 3348 228 3398 3
249 3348 305 3401 ioh.
327 3349 351 3407 7,
371 3349 404 3402 37
424 3365 462 3416 sq.
514 3350 530 3402 6
551 3347 617 3401 Gen.
637 3348 662 3403 8.
685 3348 716 3400 13
736 3365 775 3416 sq.
795 3346 874 3399 Philo
894 3346 1005 3411 Quaest.
1025 3345 1105 3400 1145

161 3472 171 3522 1
194 3470 295 3532 fontem
315 3472 342 3524 P
447 3473 464 3525 ·2
484 3472 580 3541 repleri
599 3472 627 3525 P
644 3473 664 3537 (i
684 3488 717 3524 ex
736 3478 761 3529 ei
870 3474 887 3524 4
911 3471 978 3525 dixit
997 3472 1052 3525 PT
1074 3469 1141 3524 dicit
1164 3472 1193 3524 Τ
1218 3477 1265 3523 cat.

122 3560 471 3627 decedentesinroP(ns
499 3562 800 3623 s)se1centesinrooet.
875 3561 987 3629 iprinni
1007 3560 1108 3613 addidi
1178 3559 1265 3612 minu-

121 3652 176 3698 tam
200 3647 225 3699 Τ
241 3647 410 3702 imminutam
430 3650 457 3703 P
475 3652 521 3718 [iar
540 3667 560 3704 s
574 3668 601 3703 u.
617 3655 673 3715 1113)
689 3656 736 3704 cet.
792 3650 860 3704 dicit
879 3649 1018 3720 aquamB
1072 3649 1210 3703 faeiernP
1228 3656 1264 3715 (m

120 3746 202 3797 cros.)
257 3739 377 3806 daquac
397 3755 517 3807 ecquae
537 3739 563 3792 P
619 3741 650 3792 12
670 3739 1021 3807 rirciarataruPttaa.u.
1043 3744 1098 3793 »aar
1157 3741 1188 3791 14
1209 3754 1264 3791 ses·

120 3825 295 3878 centesimum
315 3826 341 3878 P
358 3829 580 3881 sexcentesimum
600 3835 648 3883 cet.
712 3829 858 3882 unnuan
917 3829 1017 3898 primus
1038 3828 1267 3882 adtaurm’P

123 3913 154 3963 la
175 3915 394 3975 sescentesimum
413 3917 441 3968 P
459 3935 483 3969 rr
502 3935 522 3969 s.
544 3936 566 3980 si
588 3919 811 3971 sexcentesimum
830 3925 877 3973 cet.
968 3935 1067 3971 asinum
1087 3933 1106 3970 s.
1127 3935 1154 3972 a.
1174 3924 1220 3969 rrrt’
1239 3917 1265 3969 P

122 4002 154 4051 iti
173 4003 278 4054 minuta
297 4003 320 4054 Τ
337 4005 478 4058 imminuta
492 4007 519 4058 Ρ
537 4007 584 4070 (im
605 4007 669 4059 add
685 4012 741 4063 aad)
758 4014 804 4060 cet.
863 4008 893 4060 19
915 4007 1015 4076 primus
1034 4006 1128 4060 ordine
1148 4016 1174 4059 et
1196 4007 1219 4059 Τ
1236 4014 1264 4059 at

118 4088 212 4143 orriine
236 4093 263 4144 P
285 4094 326 4159 [ira
348 4110 401 4161 quo
425 4095 553 4153 ordinem.
578 4113 603 4147 nr
627 4097 709 4157 eras.)
738 4096 767 4149 Τ
791 4103 852 4161 eet.;
876 4101 903 4149 et
922 4096 1012 4149 deterri
1120 4099 1146 4148 et
1166 4113 1216 4149 oua
1242 4096 1266 4149 Τ

118 4181 154 4233 ‘20
172 4182 289 4234 euaserit
313 4181 335 4233 Τ
443 4185 467 4236 ei
491 4184 670 4238 PDNBUM
689 4190 715 4239 ct
736 4186 762 4237 P
780 4202 865 4253 venp,·
887 4187 1029 4253 1111211)
1054 4186 1077 4239 Τ
1174 4187 1208 4238 ’22
1228 4185 1263 4238 ad

116 4286 168 4322 (int.
188 4270 216 4321 B

144 4396 234 4435 xxxlr,
247 4397 323 4438 Ambe.
339 4408 391 4447 pars
406 4402 424 4447 1,
440 4400 495 4439 inne.
511 4402 530 4440 1.
1192 4381 1226 4434 30
