2836 4822
399 347 438 399 De
457 345 517 399 Noc
539 346 579 409 13,
600 347 635 400 45
673 344 698 410 (Ι
717 345 769 399 244
789 345 898 398 F-‘245
918 342 959 408 F),
1181 345 1248 408 443

104 542 295 605 tabularum.
325 544 534 605 atramentum
565 540 697 615 deletur,
727 541 783 604 sed
809 539 931 622 lignum
959 542 1074 602 manet.
1107 537 1269 619 delenturv

106 649 270 724 elementa,
299 651 335 712 ut
364 648 542 712 scribantur
568 648 756 730 plerumque
783 645 924 720 meliora,
954 647 1163 708 atramentum
1191 643 1300 708 tol-c

105 755 191 833 litur,
226 755 406 818 substantia
437 775 497 820 non
536 755 769 818 exterminatur.
807 752 940 816 ‘delebo'
975 751 1080 833 inquit
1116 756 1252 834 ‘corrup-

107 863 202 926 telam
236 862 349 939 carnis,
382 866 419 926 ut
451 862 587 925 scribam
620 860 898 943 incorruptionem.
933 858 1042 923 delebo
1071 857 1253 922 resurrecti·

75 989 199 1033 sonem
227 970 329 1033 carnis
354 987 371 1032 a
394 970 474 1033 facie
501 973 613 1042 terrae,
641 972 679 1032 nt
707 968 842 1031 scribam
870 967 901 1029 in
931 965 1123 1030 caelestibus
1151 983 1254 1028 resur·

108 1079 226 1160 gentes,
261 1076 372 1140 delebo
406 1075 443 1139 de
475 1075 556 1140 libro
590 1079 699 1149 terrae,
733 1078 770 1139 ut
802 1074 937 1138 scribam
970 1073 1003 1136 in
1035 1072 1116 1137 libro
1145 1071 1253 1135 uitac‘.

107 1183 280 1259 deleantur,
323 1182 448 1247 dominc
485 1202 587 1258 meus,
624 1179 760 1257 domiue,
798 1181 961 1244 deleantur
998 1179 1061 1243 cito
1100 1180 1256 1242 clementa

107 1289 191 1365 ferri,
224 1294 261 1353 ut
293 1290 470 1353 scribantur
507 1290 663 1354 elementa
701 1287 829 1353 Christi.
868 1287 1032 1351 aboleatur
1067 1285 1254 1349 resurrectio

109 1401 239 1475 terrena,
275 1400 312 1462 ut
348 1396 495 1461 caelestis
535 1396 637 1480 gratia
673 1394 838 1461 redundet.
876 1394 959 1469 ueni,
996 1392 1135 1473 Moyses,
1169 1410 1255 1473 prac-

64 1529 89 1568 10
109 1525 183 1586 para
207 1505 373 1589 gremium,
397 1505 501 1587 legem
526 1502 643 1585 accipe,
668 1502 794 1584 suscipe
819 1501 934 1583 apices,
954 1519 1034 1581 quos
1053 1499 1117 1563 iam
1136 1497 1304 1562 miseri-1>

110 1612 216 1676 cordia
254 1611 362 1675 diuina
399 1630 458 1675 non
498 1610 611 1674 deleat.
654 1609 780 1692 suscipe
817 1608 955 1681 tabulas,
994 1626 1072 1689 quas
1110 1605 1257 1669 dominus

110 1722 232 1782 statuat
254 1718 285 1780 in
310 1722 483 1782 aeternum.
509 1717 629 1781 utinam
654 1716 722 1799 ipse
748 1735 807 1780 uon
836 1715 976 1796 frangas!
1005 1716 1037 1777 ct
1064 1713 1150 1795 ipsas
1179 1711 1258 1774 mihi

110 1845 181 1889 mea
204 1826 298 1907 culpa
321 1824 506 1899 sustulerat,
531 1824 592 1886 nisi
616 1824 763 1887 dominus
787 1821 989 1886 reddidisset.
1022 1820 1090 1883 iure
1119 1817 1257 1901 quidem,

111 1932 248 2014 Moyses,
278 1930 462 2013 indignatus
487 1950 531 2007 es,
556 1949 594 1993 ne
617 1930 772 1993 baberent
795 1927 904 1992 diuina
926 1926 1096 2010 priuilegia
1119 1926 1173 2008 qui
1197 1943 1258 1989 non

66 2063 93 2101 ra
112 2037 269 2102 delement
293 2037 454 2118 obsequia,
481 2037 537 2100 sed
560 2040 637 2118 puto
664 2035 749 2118 quod
772 2054 832 2099 non
857 2035 935 2098 milri
960 2053 1024 2110 eas,
1049 2032 1104 2097 sed
1131 2032 1260 2096 ludaeis

111 2145 252 2228 fregeris.
277 2144 400 2228 fregisti
424 2143 560 2221 ludaeis,
586 2143 733 2224 recepisti
761 2141 849 2206 milri.
879 2141 996 2204 fractae
1026 2142 1100 2204 suut
1127 2139 1258 2222 priores,

111 2258 148 2315 nt
170 2251 363 2335 posteriores
388 2253 558 2316 manerent.
583 2249 708 2333 fregisti
727 2268 780 2312 eas
799 2249 830 2312 in
851 2247 1033 2330 pectoribus
1052 2245 1255 2318 Iudaeorum
1281 2245 1305 2298 l:

113 2358 186 2438 (prid
216 2358 298 2421 enim
327 2357 474 2440 proderat
501 2359 537 2420 ut
565 2356 691 2421 tabulas
719 2357 873 2432 tenerent,
903 2370 1034 2436 quarum
1064 2351 1259 2433 praescripta

112 2469 217 2528 tenere
241 2483 301 2527 uon
325 2468 476 2547 possent?
501 2482 574 2528 ecce
603 2462 759 2527 secundas
786 2461 913 2526 tabulas
941 2461 1053 2525 dicunt
1080 2479 1113 2523 sc
1140 2463 1259 2531 tenere,

67 2600 94 2638 κο
114 2571 169 2635 sed
196 2591 255 2636 non
285 2574 403 2636 tenent.
436 2571 547 2635 dicunt
575 2590 608 2634 se
636 2570 740 2654 legere
769 2569 877 2633 diuina
910 2569 1075 2644 elementa,
1110 2566 1165 2630 sed
1197 2585 1258 2629 uon

111 2676 232 2762 legunt.
258 2676 358 2760 digito
383 2677 433 2741 dei
458 2677 592 2758 scriptas
617 2695 687 2740 esse
707 2676 832 2740 tabulas
851 2675 978 2758 Moyses
998 2674 1089 2738 dicit:
1114 2673 1161 2736 illi
1181 2672 1260 2755 digi-

113 2788 179 2847 tum
206 2783 257 2848 dei
280 2803 341 2848 non
366 2784 486 2868 legunt,
510 2783 626 2847 ferrum
655 2784 777 2866 legunt.
808 2785 1018 2846 atramentum
1046 2780 1166 2856 uident,
1197 2779 1259 2861 spi-

112 2890 208 2953 ritum
235 2889 285 2954 dei
314 2909 374 2955 non
401 2889 525 2954 uident:
554 2889 610 2954 sed
638 2889 773 2953 ecclesia
800 2890 902 2952 nescit
924 2890 1144 2963 atramentum,
1169 2885 1260 2967 spiri-

113 3003 182 3061 tum
219 2997 318 3061 nouit.
361 2997 494 3078 ideoque
536 2996 655 3060 Paulus
688 2996 779 3060 uouit
810 2995 945 3059 scribere
979 3014 1039 3059 nou
1072 2996 1259 3070 atramento,

70 3133 96 3173 aa
115 3103 170 3167 sed
211 3103 325 3185 spiritu
358 3102 407 3166 dei
441 3103 519 3166 uiui.
553 3122 570 3166 o
603 3102 794 3186 sacrilegum
833 3101 974 3183 ineptum
1014 3101 1167 3183 populum
1208 3100 1307 3164 Iul*

115 3208 277 3273 dacorum!
307 3210 401 3273 homo
434 3209 549 3290 spiritu
578 3207 628 3272 dei
656 3209 767 3272 scribit
794 3213 826 3272 et
853 3208 947 3273 homo
977 3207 1036 3271 sub
1065 3207 1133 3290 lege
1163 3206 1259 3270 nutri-

115 3322 178 3391 tus,
209 3323 240 3380 et
271 3315 318 3379 illi
351 3316 464 3380 uolunt
496 3315 589 3379 deum
623 3317 796 3379 atramento
830 3314 1007 3395 scripsisse,
1041 3332 1101 3377 nou
1136 3312 1259 3394 spiritu.

90 3591 96 3601 ·
207 3556 336 3613 3ICor.
358 3558 399 3621 15,
419 3559 454 3611 42
490 3556 812 3611 cPsarmtxvulaa
853 3554 1039 3617 laureata,
1058 3556 1089 3608 19
1127 3555 1158 3607 21
1175 3554 1258 3607 Exod.

117 3648 160 3711 31,
183 3648 360 3710 reuecta,
382 3647 413 3701 10
468 3644 549 3699 2411
569 3645 628 3699 Cor.
648 3646 709 3708 3,3
764 3646 798 3699 26
819 3644 878 3700 Gal.
901 3646 923 3707 l,
946 3646 977 3697 14
998 3643 1117 3712 Philipp.
1137 3644 1259 3711 3,5sq.

152 3805 168 3857 2
197 3808 245 3857 aut
271 3805 298 3857 P
321 3803 349 3872 (a
374 3805 454 3871 crac.)
587 3803 603 3856 3
630 3802 808 3871 corruptelam
835 3801 861 3854 P
886 3804 911 3864 (c
935 3815 957 3853 a.
986 3818 1020 3863 u,
1044 3806 1109 3852 unte
1135 3816 1165 3853 co
1192 3804 1259 3865 rac.)

117 3893 243 3948 bfaeiern
263 3894 344 3956 me
364 3897 445 3954 cras.)
528 3893 603 3960 din}
624 3891 657 3944 de
680 3891 704 3943 T
779 3891 939 3945 8aboletur
961 3890 984 3942 Τ
1065 3890 1216 3957 9gratiarn
1235 3889 1263 3941 P

119 3992 154 4035 un
183 3984 265 4051 eros)
381 3980 547 4035 redundetur
574 3981 601 4033 P
627 3979 785 4033 refundatur
817 3979 841 4031 Τ
867 3978 1025 4032 redundet·-
1053 3979 1081 4031 B
1205 3994 1262 4031 mo·

118 4089 161 4124 ses
186 4072 209 4124 Τ
264 4072 296 4124 12
314 4070 381 4123 milri
400 4087 451 4123 om.
472 4070 502 4122 N
559 4071 591 4123 14
608 4086 697 4122 moses
722 4068 751 4131 T,
771 4084 822 4122 om.
844 4067 901 4119 ΟΜ
973 4084 1001 4119 cs
1019 4067 1117 4135 sampsi
1136 4072 1178 4119 est
1197 4066 1263 4119 libri

121 4163 152 4214 17
172 4165 312 4213 rrrauerent
331 4161 494 4230 posteriores
516 4160 539 4210 u
631 4160 664 4211 23
684 4158 763 4210 nouit
781 4143 839 4226 apr-u
859 4158 885 4210 B
971 4158 1005 4209 25
1024 4155 1152 4225 populum
1171 4154 1198 4206 P
1217 4158 1263 4223 (po

115 4255 211 4317 postea
232 4249 309 4313 cod.)
