2836 4822
341 375 382 428 Dc
402 373 468 428 Cain
490 377 517 427 et
531 373 600 427 Abel
618 373 632 426 I
650 376 674 438 5,
696 374 799 427 17-19
838 373 863 442 (Ι
884 375 933 428 192
952 373 1054 442 Α-Ὲ).
1208 381 1272 441 355

127 571 382 635 firmitatem.
414 568 568 649 plurimos
598 567 705 649 itaque
731 568 806 650 gula
830 587 888 631 sua
912 568 1038 646 occidit,
1063 570 1186 633 nullum
1211 569 1273 633 iru-

126 678 256 761 galitas:
287 675 460 739 innumeris
490 675 564 738 uina
589 676 775 747 nocuerunt,
800 675 880 738 nulli
904 675 1105 757 parsimonia.
1132 677 1272 758 plerique
1292 690 1316 740 b

127 785 208 847 inter
232 784 341 865 epulas
367 782 474 846 fudere
499 782 639 845 animam
664 784 696 844 et
719 800 845 845 mensas
869 782 994 862 proprio
1018 783 1181 863 replerunt
1203 803 1273 847 san-

127 891 231 974 guine.
265 890 336 953 aliis
371 889 509 953 cruditas
544 907 657 952 uocem
690 888 786 952 simul
818 889 924 971 rapuit
957 892 990 952 et
1016 908 1157 964 sensum,
1186 893 1218 953 et
1246 891 1272 954 si

90 1020 105 1054 s
127 997 286 1078 aliquibus
320 995 460 1060 cruditas
494 995 585 1058 noxia
610 1014 669 1057 uun
698 993 770 1069 fuit,
800 994 849 1057 nis
877 993 998 1057 ruinam
1027 995 1103 1058 fecit
1126 996 1272 1060 ebrietas,

126 1103 205 1166 alias
234 1102 266 1165 in
296 1101 413 1165 crimen
444 1100 511 1182 egit
542 1099 689 1173 ebriatae,
720 1100 781 1164 etsi
808 1100 879 1182 ipsa
906 1099 1024 1162 crimen
1054 1101 1106 1177 sit,
1131 1102 1209 1164 alius
1235 1104 1273 1166 ad

126 1212 300 1292 egestatem
333 1208 466 1290 redegit.
500 1208 662 1289 pestremo
697 1206 772 1270 audi
811 1225 890 1287 quus
928 1206 1074 1272 Christus
1116 1209 1271 1274 excludat.

125 1335 211 1379 curn
243 1315 470 1379 intrauerit
502 1314 610 1395 inquit
643 1318 761 1394 pater
793 1314 974 1377 familias
1003 1318 1042 1377 et
1070 1315 1272 1379 clauserit

126 1422 288 1499 ostium,
322 1422 543 1502 incipietis
579 1420 682 1484 loris
717 1425 828 1507 stare
857 1424 895 1485 et
923 1421 1089 1502 pulsare
1119 1422 1271 1486 ostium

80 1530 328 1593 edicentes:
354 1529 465 1610 aperi
490 1529 621 1592 nobis.
647 1531 685 1591 et
707 1527 957 1609 respondens
983 1528 1107 1593 dicet:
1132 1531 1270 1594 nescio

125 1656 195 1700 rios
220 1637 322 1700 uude
348 1636 468 1711 estis3
490 1635 675 1699 recedite
701 1654 719 1697 a
743 1654 799 1697 me
831 1653 965 1699 omnes
995 1637 1174 1718 operarii
1201 1638 1270 1701 ini·
1295 1641 1315 1692 l:

125 1743 311 1825 quitatis.
348 1745 445 1807 tuuc
482 1742 706 1823 incipietis
745 1740 896 1805 dicere:
936 1743 1271 1807 manducauinrus

126 1869 256 1913 ceram
275 1852 313 1912 te
333 1852 372 1912 et
390 1848 569 1912 bibimus
596 1851 634 1911 et
657 1848 696 1910 in
720 1847 873 1930 plateis
898 1849 1053 1913 nostris
1077 1849 1270 1914 docuisti.

126 1960 163 2020 et
196 1956 306 2019 dicet
337 1955 474 2019 uobis:
515 1955 655 2018 nescio
689 1955 791 2018 unde
826 1954 939 2018 estis.
974 1955 1092 2019 aridisti
1126 1956 1201 2039 quid
1233 1958 1271 2021 de

78 2085 105 2124 ιε
123 2062 389 2146 manducantibus
413 2062 539 2126 dixerit:
564 2062 638 2125 audi
662 2082 745 2126 nunc
769 2062 845 2144 quid
873 2061 911 2126 de
934 2061 1147 2126 ieiunantibus
1171 2063 1270 2127 dicat:

123 2172 234 2234 beati
269 2170 335 2251 qui
369 2188 471 2232 nnnc
505 2169 695 2233 esuriunt
728 2171 766 2232 et
798 2168 961 2245 sitiunt,
996 2169 1090 2250 quia
1119 2173 1271 2234 satura-

125 2278 275 2341 buntur
303 2281 335 2340 et
358 2277 454 2340 infra:
485 2296 557 2339 uae
587 2276 718 2342 arabis.
748 2276 814 2356 qui
843 2277 1020 2340 saturati
1046 2276 1157 2352 estis,
1182 2297 1271 2359 quo·

31 2386 77 2446 19
124 2384 224 2447 niam
258 2383 469 2447 esurietis.
496 2382 552 2446 sed
587 2383 636 2446 uis
669 2383 868 2459 manducare,
902 2382 952 2445 uis
982 2383 1109 2447 bibere?
1136 2384 1209 2447 ueni
1233 2384 1272 2447 ad

124 2490 307 2555 conuiuium
322 2489 507 2571 sapientiae,
529 2508 609 2569 quae
629 2489 747 2553 inuitat
762 2509 870 2554 ornnes
891 2509 963 2553 curn
983 2509 1097 2573 magna
1114 2492 1272 2572 praedica-

79 2597 209 2660 eotione
240 2596 362 2660 diceus:
394 2596 532 2659 uenite
564 2599 603 2660 et
632 2596 740 2660 edite
773 2616 894 2679 panes
927 2616 1035 2660 meus
1070 2600 1107 2659 et
1140 2596 1316 2663 bibiter

124 2703 271 2776 uiuum,
297 2703 400 2784 quod
425 2703 575 2766 miscui
600 2703 730 2767 uobis.
757 2704 914 2768 delectant
938 2703 1068 2779 cantica,
1093 2723 1173 2784 quae
1197 2723 1271 2786 epu·

124 2809 241 2873 lantern
260 2808 481 2872 demulceant?
503 2808 577 2871 audi
601 2809 790 2875 hortantem.
811 2809 885 2873 audi
906 2812 1084 2872 cantantem
1104 2811 1270 2874 ecclesiam

125 2935 182 2979 nen
217 2915 321 2979 solum
356 2915 386 2978 in
421 2914 564 2991 canticis,
599 2915 654 2978 sed
689 2916 785 2979 etiarn
817 2916 850 2978 in
884 2914 1023 2980 canticis
1062 2916 1270 2980 canticorum:

124 3022 371 3102 manducate,
396 3022 573 3103 preximi
597 3022 689 3098 urei,
716 3025 754 3085 et
777 3022 909 3085 bibite
934 3026 972 3086 et
994 3023 1269 3098 inebriamini,

73 3148 103 3185 aa
124 3127 273 3191 fratres
302 3128 387 3191 mei.
418 3128 473 3192 sed
502 3128 580 3191 haec
610 3128 747 3192 ebrietas
778 3129 901 3192 sobrios
925 3129 1010 3204 facit,
1034 3129 1111 3192 haec
1135 3131 1269 3194 ebrietas

125 3235 254 3317 gratiae,
292 3253 353 3298 non
393 3235 599 3299 temulentiae
639 3239 697 3299 est.
737 3234 892 3298 laetitiam
930 3240 1068 3319 generat,
1102 3256 1161 3300 nun
1195 3237 1270 3300 titu-

59 3392 66 3406 .
122 3341 273 3404 bantiara.
311 3361 368 3405 nec
405 3342 542 3406 uerearr's
582 3361 620 3406 ue
658 3343 688 3404 in
724 3342 871 3407 conuiuia
904 3343 1056 3406 ecclesiae
1096 3347 1151 3406 aut
1188 3345 1269 3426 grati

211 3602 285 3655 lei.
310 3602 343 3655 de
367 3603 448 3656 Helia
471 3603 496 3664 8,
522 3604 555 3657 22
576 3620 615 3671 sq.
690 3603 794 3657 8Luc.
817 3605 858 3666 13,
878 3604 983 3658 25-27
1051 3607 1265 3663 letanter

124 3692 156 3744 17
175 3691 239 3745 Luc.
259 3692 283 3751 6,
304 3694 338 3745 25
393 3693 427 3746 20
446 3692 574 3745 Prouerb.
596 3697 620 3751 a.
641 3695 657 3744 5
712 3694 747 3746 24
767 3692 845 3746 Cant.
865 3695 889 3752 5.
912 3696 922 3745 l

158 3834 173 3885 2
193 3834 340 3887 innumeris
358 3834 396 3888 M
414 3839 488 3902 (nuni
508 3853 541 3888 er
561 3853 625 3888 mun
644 3840 701 3901 rrrk’)
800 3837 815 3889 3
835 3836 1007 3905 repleucruut
1026 3836 1053 3887 P
1071 3838 1115 3897 (ue
1133 3851 1154 3888 s.
1174 3838 1212 3887 ul
1234 3834 1268 3886 1²¹

121 3926 138 3975 6
158 3922 407 3978 alius...ebrictas
426 3941 477 3977 om.
497 3925 532 3977 M
550 3925 664 3978 dionae.
686 3928 774 3987 2549,
793 3926 825 3978 in
844 3944 892 3995 naq.
917 3924 1035 3979 Uindob.
1058 3927 1118 3976 758
1182 3926 1210 3977 ll
1234 3924 1268 3975 si-

120 4012 158 4064 tis
184 4011 208 4062 l'
279 4013 311 4065 12
330 4011 553 4066 manducabimus
573 4013 715 4067 Marri*
739 4021 763 4066 et
783 4019 861 4079 (corr.
882 4012 981 4078 aaa
1054 4014 1085 4066 13
1105 4018 1133 4065 ct.
1151 4011 1269 4065 bibimus

121 4106 187 4152 <arcte
205 4117 293 4153 cerain
314 4106 341 4153 te
362 4108 550 4170 transponunt
570 4105 597 4158 It
616 4103 728 4156 aronae.
750 4107 832 4155 2519
888 4104 920 4156 14
940 4102 1011 4170 quud
1031 4102 1067 4155 Μ
1118 4104 1152 4155 25
1171 4101 1269 4153 fratres

121 4188 161 4241 ed.
181 4187 260 4242 Roas.
282 4187 400 4259 (ἀδελφοί
414 4189 512 4256 LXX)
534 4195 625 4259 patres
646 4191 712 4243 libri
732 4196 832 4260 (patres
853 4191 904 4243 urei
925 4193 953 4242 iu
975 4190 1084 4261 rurali)
1138 4191 1171 4243 27
1192 4207 1268 4243 uere·

120 4277 174 4329 aris
195 4277 228 4341 (is
248 4294 280 4330 ea
300 4294 327 4329 ee
347 4281 404 4343 m2)
424 4276 482 4331 SM

1182 4385 1232 4436 23*
