2836 4822
352 323 500 377 Exarueron
520 323 563 377 III
584 325 625 380 15.
648 327 688 388 16,
708 327 814 381 64-66
852 325 876 391 (Ι
896 326 930 381 58
949 325 1045 379 D-se
1064 325 1106 393 E).
1222 327 1283 390 105

139 522 244 583 temen
273 518 474 583 manifestata
502 518 686 601 produntur,
710 524 748 584 ut
771 519 849 583 milri
873 519 1021 584 uideatur
1044 520 1188 603 potuisse
1211 539 1284 584 eum

139 624 301 708 disputare
316 625 353 689 de
367 623 578 709 uirgultorum
594 626 774 710 generibus,
790 645 851 692 non
870 627 1015 709 petuisse
1034 632 1139 692 tamen
1159 626 1284 709 plenius

55 728 92 792 65
139 732 241 796 omnis
266 734 427 796 creaturae
460 731 614 815 explicare
648 732 796 797 rationes.
826 733 940 816 quodsi
968 733 1102 818 inriguis
1131 751 1283 814 aquarum
1295 744 1365 799 sel

137 839 323 921 plerumque
343 841 376 903 et
393 843 519 921 segetes
535 839 683 904 laetiores
699 843 775 904 sunt
788 843 821 904 et
835 840 953 904 uirides
969 840 1058 904 fabae
1074 843 1105 904 et
1119 840 1282 904 hortorum
1310 851 1333 904 Β

106 944 305 1026 amultipleu
324 944 500 1009 suscitatur
518 951 550 1009 et
568 944 779 1009 resuscitatur
797 947 908 1030 gratia,
929 946 956 1011 si
975 946 1186 1011 niridantibus
1204 946 1284 1012 toris

137 1051 309 1116 driniorum
325 1051 549 1115 exundantium
559 1051 627 1133 ripa
637 1052 813 1130 decoratur,
823 1053 1091 1135 quemadmodum
1102 1053 1140 1117 ed
1152 1053 1283 1118 uerbum

138 1158 268 1233 domini,
298 1157 382 1239 quod
410 1157 495 1222 omni
525 1178 677 1241 aquarum
707 1177 803 1224 cursu
832 1164 882 1224 est
909 1160 1148 1236 redundantius,
1178 1160 1284 1224 subito

137 1267 282 1330 ereatura
310 1264 523 1349 uirgultorum
552 1265 655 1329 omnis
692 1264 849 1331 effloruit!
878 1267 1069 1331 festinarunt
1097 1266 1200 1348 campi
1223 1285 1284 1330 non

138 1371 343 1436 commissam
368 1371 429 1435 sibi
452 1373 574 1457 frugem
600 1371 702 1448 edere,
726 1372 871 1456 ignorata
893 1372 977 1438 horti
997 1372 1140 1438 holerum
1160 1391 1284 1456 genere,

98 1501 120 1538 ιο
137 1477 250 1543 florum
273 1476 425 1542 miracula
444 1478 629 1562 germinare,
648 1478 735 1562 ripae
753 1477 921 1543 fluminum
941 1499 974 1544 se
990 1479 1109 1544 uestire
1129 1478 1284 1561 myrtetis,

138 1587 385 1667 properanerunt
408 1584 534 1649 arbores
559 1584 621 1648 cito
646 1601 785 1669 surgere,
810 1585 873 1651 cito
897 1605 931 1651 se
954 1585 985 1649 in
1008 1586 1117 1650 florem
1145 1584 1283 1662 induere,
1312 1597 1333 1654 c

138 1691 262 1756 uictum
300 1690 492 1768 hominibus,
528 1691 696 1773 peceribus
737 1691 891 1774 pabulum
931 1691 1119 1756 ministrare.
1161 1691 1284 1756 fructus

139 1797 317 1863 eommunis
355 1801 405 1861 est
441 1797 598 1872 omnibns,
636 1816 715 1862 usus
752 1816 877 1880 quoque
914 1802 965 1863 est
1001 1797 1094 1863 datus
1126 1780 1284 1864 omnibus.

139 1906 235 1970 simul
263 1909 435 1987 utrumque
464 1904 591 1968 arbores
620 1905 845 1987 genuinaruut,
875 1905 961 1970 alind
986 1924 1048 1989 quo
1071 1923 1283 1982 maceremur,

102 2033 122 2072 a
140 2011 226 2076 aliud
254 2030 317 2094 quo
345 2011 550 2095 refrigerante
578 2010 690 2075 umbra
718 2011 959 2076 defenderemur
986 2031 1004 2076 a
1032 2012 1108 2077 sole.
1138 2010 1228 2075 cibus
1251 2010 1282 2073 in

139 2119 255 2194 fructu,
285 2136 363 2182 usus
393 2117 596 2182 amoenitatis
624 2117 655 2182 in
684 2117 788 2193 foliis;
817 2121 922 2183 tamen
951 2119 1026 2200 qnia
1051 2116 1195 2200 praescia
1218 2119 1285 2179 erat

138 2225 339 2308 prouidentia
374 2224 523 2289 creatoris
561 2224 646 2306 quod
684 2224 823 2289 fructum
860 2225 922 2291 sibi
953 2225 1088 2291 unanime
1120 2222 1283 2288 hominum

139 2332 276 2397 auiditas
299 2331 486 2406 uindicaret,
504 2331 636 2413 reliquis
655 2331 797 2413 prouidit
814 2332 1038 2401 animantibus.
1057 2335 1095 2395 ut
1113 2329 1282 2413 specialem

140 2440 177 2504 iis
202 2439 334 2503 donaret
357 2438 550 2502 alimoniam.
575 2437 683 2520 itaque
708 2457 781 2503 esca
804 2438 854 2502 his
878 2458 939 2503 non
959 2438 1127 2503 mediocris
1147 2437 1177 2501 in
1196 2436 1283 2500 foliis
1311 2453 1335 2506 Ι)

101 2564 123 2603 u
140 2550 189 2611 est
217 2543 455 2626 corticibusque
481 2543 703 2618 siluestribus;
728 2563 765 2608 ea
788 2564 912 2627 quoque
937 2564 1015 2627 quae
1039 2545 1077 2610 ad
1101 2563 1195 2610 usum
1220 2562 1284 2606 me·

139 2651 233 2717 dendi
260 2649 457 2735 proficerent,
485 2650 518 2714 id
547 2654 597 2715 est
625 2649 693 2715 saei
721 2651 869 2715 lacrimae
898 2651 1018 2716 surculi
1045 2651 1163 2735 pariter
1194 2650 1283 2713 mini-

140 2762 239 2823 strata
266 2761 351 2822 sunt.
380 2757 487 2838 itaque
516 2757 571 2821 illa
600 2776 679 2839 quae
708 2761 783 2840 post
811 2759 1024 2841 experimento
1051 2778 1113 2822 usu
1141 2757 1283 2839 exemplo

138 2865 231 2929 utilia
245 2864 465 2948 cognocimus,
481 2882 517 2927 ea
532 2883 548 2927 a
563 2864 718 2947 principio
738 2868 868 2942 creator,
889 2865 941 2929 cni
959 2865 1032 2929 usui
1053 2868 1126 2947 apta
1144 2863 1284 2936 donaret,

138 2971 363 3055 praescientiae
389 2989 466 3035 suae
490 2970 655 3035 maiestate
679 2970 717 3034 de
742 2971 812 3036 sinu
837 2976 990 3036 terrarum
1013 2971 1110 3036 iussit
1132 2970 1223 3035 exire.
1253 2974 1285 3035 et

54 3063 84 3131 tt
102 3080 214 3160 aquia
233 3077 329 3142 iussit
353 3077 498 3142 dominus
523 3079 560 3142 ut
583 3077 832 3161 germinaret
855 3082 963 3142 terre
990 3078 1151 3142 herbam
1175 3078 1282 3141 faeni

229 3244 242 3297 l
264 3244 330 3313 Reg.
350 3242 434 3305 1114,
455 3244 489 3296 29
509 3243 567 3312 (33)
670 3243 788 3313 tl'erg.
809 3242 906 3313 Georg.
927 3243 974 3297 11
1080 3246 1096 3297 5
1117 3242 1196 3312 Uerg.
1216 3242 1283 3296 Aen.

139 3331 175 3385 vl
194 3331 248 3387 674
303 3333 334 3386 ll
358 3331 436 3401 Uerg.
457 3329 589 3400 Georg.1
610 3330 720 3401 187sq.
789 3331 824 3386 25
844 3330 910 3385 Gen.
933 3333 955 3395 l,
977 3333 1006 3385 ll
1029 3331 1090 3384 Bas.
1113 3331 1163 3384 105
1182 3330 1212 3395 C.
1234 3332 1284 3385 los

139 3422 228 3485 Acts
247 3419 340 3487 A-c)

174 3529 191 3583 2
209 3544 289 3581 non·-
311 3527 335 3581 0
352 3536 394 3594 (ex
408 3534 440 3581 ct
460 3528 571 3581 reicietur
589 3528 670 3595 eras.)
726 3528 742 3582 3
762 3528 849 3581 omnis
864 3527 900 3581 M
918 3531 997 3592 (corr.
1017 3527 1119 3592 omnes)
1135 3527 1158 3581 S
1175 3544 1284 3581 orrrnese

142 3615 191 3670 ΟΡ
207 3622 232 3670 et
252 3620 278 3681 (e
298 3617 347 3672 alt.
367 3620 449 3680 eras.)
471 3615 496 3670 G
516 3633 608 3668 omnes
629 3633 657 3669 se
682 3615 802 3669 Vomne
821 3619 953 3669 secretum
973 3616 997 3671 a
1021 3630 1043 3671 (e
1069 3616 1284 3669 combinationes

140 3710 221 3771 erus.)
239 3706 272 3761 a·
292 3706 334 3765 (in
353 3721 406 3773 quo
424 3704 549 3761 racionis]
565 3705 608 3758 Μ’
624 3711 648 3759 et
664 3705 705 3769 (in
719 3721 772 3772 quo
787 3708 924 3758 creaturae
940 3721 992 3757 orm
1007 3705 1104 3773 legitur
1117 3705 1242 3765 rationis)
1257 3704 1285 3756 B

141 3793 156 3846 7
175 3811 267 3848 cursus
289 3793 339 3846 (JP
355 3799 380 3847 et
399 3798 422 3861 (s
442 3795 523 3863 erue.)
545 3792 569 3846 G
591 3798 614 3858 (s
633 3804 704 3862 cup.)
724 3793 751 3845 B
841 3793 857 3845 9
881 3792 978 3846 aedera
1000 3792 1050 3846 GP
1071 3799 1096 3846 et
1119 3799 1146 3859 (a
1165 3800 1235 3861 erp.)
1259 3794 1284 3845 (f

142 3883 174 3936 10
192 3883 310 3936 mittetis
327 3883 386 3936 CM
435 3884 468 3936 12
487 3882 628 3952 pecoribus
644 3880 695 3935 ΠΒ
713 3883 803 3952 pecori
818 3888 865 3935 cet.
917 3885 949 3936 15
970 3882 996 3934 in
1015 3881 1104 3936 fructu
1124 3899 1187 3935 rasus
1201 3881 1285 3936 MSB

141 3972 321 4025 infructuosae
343 3971 368 4025 G
388 3972 461 4041 (osus
481 3989 539 4040 exp.
560 3976 615 4025 m2r
637 3977 683 4026 eet.
777 3972 808 4024 17
829 3970 917 4024 fructu
939 3970 1017 4026 Graii
1035 3974 1137 4025 fructus
1160 3971 1242 4024 Gnrs’
1259 3971 1286 4023 P

143 4061 173 4113 le
192 4060 246 4113 hiis
267 4060 350 4114 Ciris
370 4066 416 4114 cet.
526 4060 655 4113 alimonia
682 4060 706 4112 0
728 4065 804 4127 {post
827 4077 842 4112 u
868 4059 916 4113 all.
942 4070 1009 4116 roal
1031 4060 1056 4111 P
1077 4066 1101 4113 et
1120 4060 1161 4128 (a
1179 4062 1235 4111 rr12'r
1259 4059 1282 4110 (ι’

142 4148 175 4201 ⁸20
193 4147 307 4202 cedendi
330 4147 380 4200 GP
397 4147 493 4200 edendi
516 4147 541 4201 G
562 4152 641 4201 (corr.
661 4151 719 4213 md)
746 4147 805 4200 VJ!
884 4149 917 4201 ‘25
937 4152 1034 4200 terram
1058 4148 1134 4212 U(rn
1155 4148 1205 4200 del.
1226 4152 1282 4207 rra-'ft

177 4236 247 4289 faeni
266 4236 334 4292 ill?
354 4236 426 4289 foeni
446 4235 538 4292 sture
555 4236 609 4289 feni
630 4242 676 4289 cel.
