2836 4822
331 336 372 389 De
392 334 458 390 Cain
478 338 507 389 et
524 335 593 388 Abel
613 334 640 388 II
659 335 684 397 2,
703 334 728 388 8.
749 336 765 387 9
803 333 827 402 (Ι
845 334 898 387 208
918 334 1028 389 11-209
1047 334 1087 403 F).
1225 337 1289 402 385

143 550 216 616 ergo
243 531 321 595 dicit
344 531 533 594 mutandum
556 530 708 607 laborem,
732 534 770 595 nt
791 530 863 595 linis
888 531 990 613 operis
1015 530 1065 594 sni
1088 530 1211 594 fructus
1236 531 1288 596 sit.

141 639 194 702 nel
214 641 297 702 cente
317 638 377 702 hoo
395 637 504 701 modo:
529 656 652 702 omnem
673 636 813 702 laborem
832 639 935 714 tunm,
956 657 1081 702 omnem
1100 636 1289 701 industriam

73 739 93 800 9
140 764 218 826 puro
244 748 276 808 et
299 744 438 827 simplici
463 743 700 808 commendabis
725 743 849 807 affectu.
885 744 918 807 si
952 748 1185 809 autemnon
1214 742 1333 808 muel)

141 850 261 927 tabis,
286 850 391 932 inquit
418 850 602 914 redimes.
627 850 757 914 iubetur
780 869 854 933 ergo
879 850 1054 914 secundnm
1079 851 1229 926 litteram,
1252 854 1290 914 nt

108 958 256 1021 sanimal
286 957 373 1020 alind
401 976 457 1039 pro
485 956 637 1022 inmundo
666 956 794 1021 animali
823 958 972 1022 offeratur·
999 960 1056 1020 ant
1078 958 1225 1040 pretium,
1250 976 1288 1021 na

139 1066 221 1128 inter·
258 1064 397 1128 decimas
435 1065 599 1128 fructuum
635 1064 689 1127 nel
726 1064 832 1128 minus
865 1062 985 1145 aliquid
1018 1064 1071 1127 uel
1100 1064 1287 1127 inmundum

139 1171 286 1235 uideatur·
309 1170 423 1235 offerri.
447 1170 629 1234 intellectus
655 1172 762 1235 autem
789 1170 975 1253 profundior
1002 1170 1195 1234 liberandam
1224 1170 1288 1234 ani·

139 1296 222 1341 mam
247 1280 335 1341 tuam
361 1277 463 1354 docet,
483 1280 521 1341 ut
544 1277 679 1340 desistat
698 1276 736 1341 ab
756 1276 795 1340 iis
816 1296 896 1359 qnae
916 1277 1055 1340 finctum
1075 1295 1135 1340 non
1155 1276 1285 1352 hahent3

139 1384 192 1465 qui
226 1385 310 1447 enim
342 1384 471 1447 redimit
502 1403 536 1448 se
568 1383 683 1448 liberat
711 1388 743 1448 et
771 1384 906 1466 quodam
935 1385 1022 1448 exuit
1049 1383 1167 1448 debito.
1195 1382 1287 1446 relin-

92 1516 118 1550 ιι,
139 1491 264 1572 quenda
292 1496 366 1554 sunt
394 1509 498 1571 opera,
528 1510 608 1572 qnae
632 1510 742 1554 uenum
766 1492 906 1555 fructum
930 1490 1094 1574 honosque
1117 1509 1286 1572 processus
1306 1497 1330 1550 D

138 1597 253 1661 habere
282 1616 341 1661 non
369 1601 516 1679 possunt,
542 1597 649 1679 qualia
671 1600 748 1661 sunt
770 1598 928 1662 mundana
951 1597 1024 1680 ista,
1049 1616 1183 1680 qnorum
1207 1616 1286 1661 nsus

138 1725 198 1768 non
235 1707 343 1785 potest
380 1722 450 1768 esse
483 1703 663 1768 dictamus,
701 1703 731 1767 in
766 1705 882 1786 quihus
915 1705 984 1785 ipse
1017 1703 1121 1767 nndns
1155 1708 1187 1767 et
1218 1704 1285 1767 neri

138 1829 258 1875 naeuus
297 1811 428 1874 effectus
467 1812 517 1874 est
553 1813 594 1886 et,
634 1810 781 1892 quamuis
820 1830 945 1875 summo
984 1811 1080 1875 fuerit
1121 1811 1285 1891 quaesitus

136 1916 253 1994 labore,
282 1917 361 1981 nihil
390 1916 525 1981 animam
550 1917 651 1980 iuuat.
676 1936 713 1980 ea
737 1918 820 1981 enim
845 1936 925 1999 qnae
950 1917 1139 1981 seruitutem
1163 1917 1284 1981 animae

93 2047 119 2085 rs
137 2025 276 2087 infamat
303 2023 430 2088 inutilia
459 2029 533 2087 snnt
562 2024 676 2097 onmia,
706 2024 766 2088 etsi
795 2043 856 2087 non
885 2023 970 2088 desit
997 2024 1139 2088 effectus.
1170 2043 1286 2107 magna

138 2131 265 2195 uidetur
309 2131 533 2213 proeliantium
576 2130 720 2204 uictoria,
767 2129 1033 2212 triumphantium
1075 2131 1185 2214 gloria,
1228 2130 1284 2194 sed

137 2240 316 2320 frequenter
345 2238 432 2318 ipsos
456 2237 603 2300 uidemus
629 2238 682 2319 qui
706 2237 842 2301 uicerint
864 2255 975 2300 rursus
998 2236 1154 2300 hellornm
1180 2237 1284 2300 snhia-

137 2363 206 2408 cere
230 2345 359 2408 incertis
384 2348 416 2407 et
439 2344 600 2407 transferri
625 2344 663 2406 ad
687 2343 813 2407 hostem
838 2347 954 2408 euentu
975 2344 1087 2426 proelii
1107 2347 1137 2407 et
1158 2362 1193 2406 eo
1214 2344 1283 2426 ipso
1308 2350 1330 2403 Ε

137 2470 198 2534 qno
226 2451 364 2515 uictores
394 2455 465 2513 ante
494 2450 612 2514 inerint
639 2450 707 2515 fieri
734 2451 924 2516 miseriores.
955 2471 1034 2532 opus
1064 2455 1114 2514 cst
1142 2469 1215 2534 ergo
1249 2453 1286 2514 ut

88 2577 229 2640 scopilia
251 2562 308 2622 tna
332 2558 369 2622 ad
395 2558 488 2621 deum
513 2558 632 2641 dirigas
658 2560 689 2620 ot
714 2557 782 2621 eins
802 2558 861 2622 tihi
882 2556 1022 2639 adspiret
1041 2558 1140 2621 fauor.
1165 2557 1285 2621 athleta

133 2665 213 2746 ipse,
243 2665 297 2747 qni
325 2665 403 2737 anis,
433 2683 493 2728 non
523 2664 634 2728 alienis
663 2663 803 2728 decernit
826 2664 958 2739 uiribus,
984 2664 1131 2746 quotiens
1157 2683 1283 2746 congre·

134 2770 229 2847 ditur,
268 2771 381 2835 dubios
420 2790 512 2836 casus
551 2770 656 2835 subire
691 2788 725 2834 se
759 2770 859 2835 credit
892 2774 932 2848 et,
957 2789 1031 2834 cum
1065 2770 1103 2834 ad
1136 2789 1282 2834 coronam

134 2878 323 2959 peruenerit,
360 2876 520 2959 intellegit
557 2877 652 2940 citius
690 2875 770 2940 hanc
807 2877 917 2940 mnndi
955 2876 1089 2959 gloriam
1121 2880 1283 2957 tamqnam

134 3003 265 3049 coronae
298 2985 401 3065 ipsius
434 2984 511 3048 lolia
542 3002 746 3048 marcescere.
779 2982 971 3065 gubernator
1003 3002 1074 3047 cnm
1109 2983 1139 3046 in
1172 2986 1283 3065 portus

87 3110 246 3156 sensuam
273 3091 467 3168 subduxerit,
492 3091 544 3154 nix
567 3091 663 3154 finem
682 3090 857 3172 inpositum
876 3090 976 3154 labori
1000 3093 1093 3172 putat
1117 3092 1149 3153 et
1172 3089 1281 3153 statim

133 3198 256 3279 quaerit
293 3198 409 3263 laboris
448 3197 619 3262 exordium.
660 3197 798 3260 soluitur·
834 3215 963 3278 corporo
1001 3197 1104 3260 anima
1142 3200 1174 3260 et
1209 3198 1327 3278 postF

133 3303 226 3368 finem
250 3305 335 3369 uitae
360 3303 455 3368 hnins
481 3304 584 3369 adhuc
609 3308 714 3367 tamen
733 3303 833 3367 futuri
852 3302 962 3367 indicii
982 3303 1131 3387 ambiguo
1152 3322 1282 3385 suspen·

221 3549 237 3602 3
257 3548 339 3603 Exod.
362 3549 402 3612 13,
424 3548 457 3601 13
476 3549 555 3602 Philo
575 3548 608 3601 de
628 3564 694 3602 sacr.
714 3549 748 3602 34
768 3549 841 3613 (185,
860 3548 908 3610 35;
928 3547 1017 3610 1248,
1041 3546 1072 3598 17
1091 3545 1132 3609 θ.)
1170 3545 1280 3598 'lPhilo

132 3639 165 3692 de
185 3655 251 3692 sacr.
271 3639 305 3692 34
326 3638 398 3703 (185,
418 3638 466 3700 38;
486 3637 574 3698 1249,
595 3639 611 3690 2
634 3639 674 3702 C.)
760 3636 793 3691 19
811 3636 891 3689 Philo
912 3635 945 3688 de
965 3653 1030 3688 sacr.
1052 3637 1087 3688 35
1108 3634 1179 3697 (185,
1199 3636 1248 3696 41;
1268 3633 1281 3686 Ι

131 3728 291 3792 24950)
348 3727 383 3780 20
401 3726 482 3779 Philo
503 3726 535 3779 de
555 3743 620 3780 sacr.
642 3725 676 3779 35
695 3725 931 3795 (reamissa,
953 3725 984 3777 12
1007 3724 1048 3791 (1.)

168 3889 183 3939 7
210 3884 378 3939 liberandum
405 3883 483 3936 MM‘
510 3881 649 3936 liberanda
673 3883 700 3935 P
726 3889 753 3947 11
777 3884 808 3935 in
834 3883 901 3951 rna.)
992 3881 1008 3933 8
1035 3881 1067 3933 iis
1093 3878 1136 3932 Μ’
1161 3877 1204 3930 his
1231 3882 1279 3930 cel.

130 3977 147 4028 9
166 3973 344 4043 relinquenda
363 3989 426 4041 ergo
446 3973 473 4025 P
492 3977 566 4039 (ergo
585 3988 606 4026 a.
628 3989 653 4024 n.
674 3974 729 4039 m2)
814 3971 846 4024 10
865 3971 1006 4039 bonusque
1026 3971 1060 4023 Μ
1078 3975 1102 4021 et
1122 3972 1201 4021 (corr.
1222 3970 1278 4031 m2)

132 4063 191 4116 PP‘
247 4064 276 4117 11
299 4061 434 4115 mundana
453 4063 506 4114 ista
525 4061 623 4114 Malas
642 4061 697 4113 ista
714 4061 850 4114 mundana
869 4066 915 4115 cet.
977 4061 1011 4113 14
1031 4060 1146 4112 animam
1165 4054 1234 4109 nihil
1254 4056 1280 4107 B

133 4155 165 4206 15
183 4169 282 4222 magna
301 4152 371 4205 enim
391 4151 418 4203 B
502 4152 534 4202 16
555 4150 743 4220 proeliantium
763 4149 800 4202 M
818 4149 837 4210 ri
858 4150 907 4204 alt.
926 4165 946 4202 s.
966 4154 1007 4214 u.)
1083 4146 1114 4200 18
1135 4148 1235 4200 aneath
1254 4143 1281 4196 Β

130 4245 164 4295 24
184 4247 291 4311 portum
311 4241 439 4294 Monam.
460 4242 542 4293 2549
560 4247 585 4293 et
604 4242 701 4292 14399
718 4238 861 4308 pomn·1’‘
916 4239 951 4291 25
970 4238 1060 4290 nanim
1081 4234 1140 4288 BV

157 4366 249 4407 xxm.
260 4364 340 4404 Ambr.
354 4375 408 4414 pan
423 4367 442 4415 1,
456 4364 513 4404 suo.
527 4367 544 4402 1.
1208 4340 1244 4394 25
