2836 4822
341 335 382 390 De
400 335 460 390 Noe
479 335 522 399 29,
544 335 684 390 108-110
722 335 746 403 (Ι
765 335 814 389 271
838 334 948 389 (1-272
967 336 1009 406 Β).
1191 339 1254 403 487

109 533 244 598 culturis
282 536 314 596 et
349 531 579 615 indulgentiam
613 531 745 596 cultoris
778 531 934 596 ostendat.
973 536 1116 615 operator
1149 535 1255 595 autem
1343 521 1346 528 ’

109 641 185 724 quid
205 641 292 705 aliud
311 640 373 704 nisi
391 659 497 705 escam
515 638 735 704 tantummodo
755 640 895 720 corporis
915 639 965 703 sui
985 639 1115 722 quaerit,
1134 639 1256 702 uentris

109 748 211 832 magis
235 768 296 813 usu
320 747 452 811 studens
477 750 571 829 atque
595 746 627 809 id
651 748 756 810 solum
782 747 936 828 explicare
965 749 1143 823 contentum,
1173 745 1257 828 quod

110 855 171 919 sibi
194 854 346 937 prodesse
369 854 472 935 possit
495 853 533 917 ad
557 853 701 919 uictum?
720 854 774 917 ille
794 872 868 917 uero
889 853 971 918 alius
990 854 1152 917 fructuum
1170 852 1257 917 utili·

75 965 175 1026 atate
197 962 349 1044 pascitur.
384 977 463 1042 quos
487 962 610 1025 fructus
638 960 754 1025 habeat
779 961 885 1024 iustus
915 960 1100 1044 agnoscitis.
1132 960 1256 1023 fructus

110 1073 217 1133 autem
241 1067 374 1150 spiritus
398 1067 511 1131 caritas
537 1067 689 1151 gaudium
717 1087 776 1149 pax
804 1067 957 1148 patientia
986 1068 1122 1133 bonitas.
1155 1068 1256 1131 honus
1284 1077 1305 1132 l*

110 1195 184 1260 ergo
209 1175 348 1259 agricola
371 1174 467 1237 habet
495 1173 731 1250 continentiam,
761 1173 952 1250 castitatem,
982 1176 1018 1237 ut
1045 1175 1072 1237 si
1102 1193 1181 1255 quae
1210 1194 1257 1238 ar·-

110 1283 201 1348 hores
217 1283 280 1346 cito
301 1284 473 1346 curuantur
491 1281 523 1344 in
543 1284 658 1344 terram
678 1285 710 1344 et
729 1280 860 1343 effusius
882 1280 1066 1363 germinant,
1091 1300 1143 1344 eas
1168 1281 1259 1345 uelut

110 1390 244 1472 quadam
277 1388 504 1470 temperantiae
538 1406 614 1451 suae
646 1386 726 1450 falce
760 1387 913 1464 succidat,
941 1392 978 1451 ut
1006 1387 1144 1452 abiciant
1172 1389 1257 1470 quod

64 1522 91 1560 ro
109 1496 268 1561 infirmum
293 1500 351 1574 est,
377 1495 553 1578 germinent
576 1494 658 1576 quod
684 1494 844 1560 decorum.

32 1605 61 1668 l9
155 1602 239 1682 Quid
267 1605 317 1666 est
345 1601 429 1685 qnod
456 1602 563 1666 iustus
591 1602 729 1683 primunr
758 1601 882 1664 uinearn
911 1601 1035 1684 plantat
1056 1606 1088 1664 et
1111 1622 1172 1666 non
1202 1606 1257 1667 aut

110 1712 252 1776 triticum
278 1714 333 1774 aut
356 1709 531 1774 hordeum?
555 1709 637 1773 unde
661 1713 766 1773 autern
790 1709 883 1772 uinea
907 1712 981 1791 post
1004 1708 1162 1773 diluuium
1190 1729 1255 1774 cor·-

110 1819 353 1901 ruptionemque
376 1817 499 1883 terrae?
524 1816 579 1880 sed
603 1816 641 1881 de
665 1817 724 1880 hoc
749 1819 781 1880 et
804 1835 898 1897 supra
922 1815 1058 1879 diximus
1078 1817 1153 1898 quia
1172 1817 1256 1880 ueris

108 1929 251 2008 tempore
271 1925 366 1989 etiam
386 1926 605 2004 corruptarum
623 1923 743 1986 radicas
763 1923 878 1987 uitium
898 1922 1056 2004 pullulare
1074 1926 1356 2004 potuerunt272A

64 2051 91 2090 ιε
111 2031 193 2095 unde
212 2030 293 2094 illud
310 2030 428 2094 maiore
448 2028 664 2093 sollicitudine
684 2028 872 2093 soluendum
892 2028 1035 2104 arbitror,
1056 2029 1129 2111 quia
1151 2031 1256 2095 iustus

110 2139 198 2221 prius
233 2156 311 2219 quae
345 2136 525 2218 uoluptaria
558 2154 651 2216 quarn
685 2154 765 2216 quae
796 2135 976 2199 necessaria
1009 2140 1083 2199 sunt
1115 2135 1255 2216 requirit.

110 2243 280 2308 necessarii
305 2242 386 2305 enim
409 2241 534 2304 fructus
558 2243 633 2303 sunt
656 2240 754 2304 tritici
779 2242 811 2303 et
834 2240 952 2316 hordei,
972 2241 1039 2304 sine
1059 2242 1176 2322 quibus
1195 2262 1256 2306 non

109 2368 282 2432 possumus
310 2349 430 2424 uiuere,
459 2347 570 2410 uinum
599 2350 704 2409 autem
733 2347 960 2428 uoluntarium,
994 2367 1090 2411 carisa
1122 2348 1256 2412 delecta·

109 2457 206 2523 tionis
222 2456 341 2519 datum.
359 2453 454 2537 quod,
467 2454 540 2536 quia
554 2454 659 2517 iustus
676 2456 734 2529 est,
744 2454 814 2517 ideo
830 2453 932 2536 magis
948 2453 1019 2531 sihi,
1034 2454 1095 2518 hoc
1110 2456 1257 2537 estquod

65 2563 285 2629 sesecundum
310 2567 377 2625 erat
399 2581 494 2644 quarn
518 2560 603 2643 quod
626 2561 763 2641 primum
787 2565 846 2638 est,
871 2560 1056 2627 uindicauit.
1080 2562 1259 2626 necessaria

112 2670 194 2734 enim
215 2669 364 2733 alimenta
383 2668 513 2732 uiuendi
532 2667 589 2731 deo
609 2667 734 2745 detulit,
754 2668 838 2750 quod
858 2672 925 2731 erat
941 2716 1046 2733 .....
1063 2668 1256 2750 superfluum

32 2781 63 2843 ,Ο
112 2779 218 2840 autem
233 2776 343 2840 uiuum
364 2775 545 2839 hominibus
565 2778 675 2838 atrion
695 2774 918 2838 necessarium.
944 2775 999 2838 sed
1018 2776 1151 2840 fortasse
1171 2775 1257 2839 dicas
1283 2785 1306 2838 Β

111 2883 157 2946 ita
180 2883 247 2947 sine
271 2885 348 2965 potu
372 2901 433 2946 non
457 2900 551 2964 posse
575 2881 718 2945 homines
738 2881 857 2958 uiuere,
878 2881 1143 2962 quemadmodum
1162 2882 1257 2945 etiarn

112 2990 179 3053 sine
203 2991 284 3055 cibo.
309 2989 507 3053 necessarius
532 3006 605 3070 ergo
631 2991 680 3051 est
702 2991 797 3070 potus
823 2989 908 3051 sicut
926 2989 1038 3052 cibus?
1062 3007 1123 3052 non
1143 2989 1256 3052 abnuo.

203 3233 233 3287 11
255 3232 334 3285 Philo
355 3231 465 3297 Quaest.
485 3231 566 3285 1167
623 3230 656 3285 13
676 3230 708 3284 cf.
729 3234 807 3283 sectt.
828 3230 861 3285 68
882 3235 910 3284 et
930 3233 963 3285 74

148 3355 371 3409 2tantunnuodo
392 3373 480 3410 escam
498 3355 526 3407 B
615 3355 733 3423 corporis
752 3371 803 3408 one.
826 3354 884 3408 CM
971 3356 1057 3408 3nsu
1079 3355 1137 3409 CM
1154 3358 1214 3410 usui
1233 3359 1260 3411 P

113 3445 132 3513 (i
151 3461 172 3501 a.
191 3461 220 3498 u.
239 3449 296 3508 m2)
317 3450 364 3498 cet.
426 3444 579 3499 elmerum
598 3443 630 3496 N
687 3443 870 3512 taguoscitis
889 3444 953 3512 Pu
967 3461 1013 3512 pr.
1033 3460 1066 3498 cc
1085 3451 1109 3512 e)
1129 3445 1216 3498 DNO
1232 3453 1258 3500 et

113 3534 147 3598 (is
166 3550 199 3587 ex
218 3534 258 3599 ur)
281 3533 312 3585 ‘10
332 3534 489 3601 agnoscitur
507 3534 534 3586 B
553 3532 677 3602 agnoscis
692 3532 729 3584 M
771 3533 787 3585 9
807 3531 928 3585 succidat
942 3532 969 3585 P
987 3534 1005 3600 (i
1025 3550 1058 3585 ex
1077 3539 1102 3599 e)
1151 3535 1181 3587 11
1202 3535 1257 3603 pri·

111 3624 224 3676 mamB
276 3625 308 3676 12
328 3621 627 3676 hordeumPordenm
646 3627 694 3675 cel.
752 3622 784 3674 13
804 3625 832 3674 et
846 3620 965 3683 PBGM,
985 3637 1054 3675 erae.
1069 3622 1106 3687 D,
1126 3639 1177 3676 ona.
1197 3624 1261 3677 ΡΝ

113 3712 147 3766 16
166 3716 230 3765 sunt
249 3729 299 3765 orn.
318 3711 352 3764 N
406 3713 436 3765 17
456 3710 560 3763 fructus
579 3728 638 3778 exp.
658 3714 705 3763 ηι2
723 3711 750 3763 P
821 3709 916 3763 hordei
934 3711 962 3763 P
979 3709 1053 3764 ordei
1073 3717 1120 3767 cet.
1176 3711 1210 3765 18
1230 3717 1258 3765 et

112 3816 193 3854 causa
211 3800 238 3853 P
256 3805 295 3864 (et
313 3817 335 3855 a.
354 3813 392 3864 a.)
414 3805 460 3853 cet.
572 3800 604 3852 19
632 3799 684 3851 sibi
704 3800 790 3869 magis
809 3798 872 3852 DN
995 3803 1037 3853 est
1056 3801 1105 3853 alt.
1127 3817 1177 3854 om.
1198 3800 1261 3854 DN

112 3889 147 3941 20
166 3893 208 3942 est
226 3905 278 3944 om.
298 3890 325 3940 Β
421 3889 453 3942 21
471 3893 537 3957 post
556 3891 615 3941 erat
633 3889 766 3941 lercunana
784 3895 854 3943 recte
872 3894 1031 3943 statuerunt
1049 3889 1190 3950 Macrini,
1210 3890 1259 3943 aed

111 3978 186 4044 quod
209 3978 408 4046 suppleuerunt
431 3977 545 4046 primum
568 3993 627 4030 non
649 3977 762 4045 sufficit.
786 3978 868 4031 imneo
886 3978 974 4045 plura
992 3977 1052 4031 eine
1071 3976 1154 4031 darbia
1173 3979 1257 4031 inter·-

112 4065 245 4129 ciderunt,
259 4069 383 4134 sortasse
402 4066 469 4119 hoec
486 4065 645 4133 sere-<nulla
664 4066 691 4118 iu
712 4082 803 4119 eorum
827 4067 1052 4135 progeneratione
1072 4067 1256 4137 cooperatio>;
1366 4088 1371 4093 ⁴

112 4154 147 4219 cf.
166 4154 250 4207 Philo
272 4155 382 4224 Quaere.
402 4153 498 4207 1167
533 4155 568 4207 22
587 4153 657 4206 forte
680 4153 763 4207 llNB
799 4155 833 4208 23
853 4155 1087 4224 quemammodum
1106 4156 1133 4208 P
1168 4156 1259 4208 24est

113 4259 176 4312 ergo
197 4242 224 4294 B
