2836 4822
170 332 235 394 394
646 329 845 383 Ambrosii

170 543 284 588 uaccae
312 523 497 607 prophetica
523 524 781 608 interpretatione
810 525 900 591 annis
927 525 1086 591 fertilibus
1115 531 1319 609 comparatae

169 635 254 697 sunt.

77 744 166 824 (tls
213 737 306 804 Nunc
334 739 569 804 consideremus
599 739 674 823 quid
703 739 746 803 sit
773 739 857 820 quod
881 737 926 802 ait
949 737 1109 804 dominus:
1141 738 1174 802 si
1202 743 1315 804 reete
1378 756 1399 810 Ε

169 846 321 926 offeras,
350 866 420 910 non
449 850 550 911 recte
580 851 704 912 sutem
734 846 896 924 diuidas,
929 844 1113 928 peccasti3
1148 847 1315 929 quiesce.

169 952 253 1035 qnod
283 953 436 1018 indicium
465 957 515 1018 est
541 954 636 1018 deum
665 973 725 1019 non
753 953 937 1017 munenibus
966 953 1081 1017 oblatis
1105 954 1233 1036 placari,
1259 955 1349 1019 sedo

169 1062 326 1130 offerentis
359 1061 484 1127 affectu.
518 1061 651 1142 denique
684 1060 883 1125 condemnati
917 1060 1041 1125 oblator·
1069 1061 1208 1126 muneris
1238 1061 1314 1126 Cain

168 1191 223 1252 pro
261 1168 454 1232 conscientia
494 1167 667 1232 insincerae
711 1167 879 1232 oblationis
921 1167 1077 1232 intellexit
1118 1167 1176 1232 deo
1218 1187 1316 1233 suurn

169 1275 360 1340 sacrificinm
389 1294 448 1338 non
478 1275 646 1355 probatum
676 1278 707 1338 et
735 1274 837 1339 tristis
866 1279 915 1338 est
942 1275 1057 1339 tactus.
1081 1274 1204 1356 quando
1230 1275 1317 1339 enim

168 1402 256 1447 mens
280 1382 343 1445 sibi
366 1382 444 1445 recti
469 1384 518 1445 est
537 1382 673 1458 conscia,
695 1382 873 1466 gratulatur
891 1382 1043 1463 uelutque
1062 1380 1219 1445 infusione
1240 1401 1317 1464 qua·

169 1490 241 1553 dum
264 1488 400 1570 spiritali
424 1488 564 1568 repletur
587 1488 712 1552 animus
736 1488 864 1572 gaudio,
889 1507 959 1553 cum
981 1488 1118 1553 alicuius
1136 1489 1189 1552 uel
1208 1489 1319 1552 studia
1336 1503 1399 1557 ron

168 1597 221 1660 uel
250 1613 344 1677 opera
372 1595 429 1659 deo
463 1605 571 1666 <non>
600 1596 816 1678 inprobantur.
849 1595 981 1660 tristitia
1008 1595 1109 1676 igitur
1136 1593 1212 1660 Cain
1244 1614 1317 1660 con·

168 1701 317 1766 scientiae
345 1701 575 1780 testinnonium,
603 1703 749 1783 repulsae
776 1701 927 1767 indicium
958 1706 1015 1767 ost.
1044 1705 1076 1766 et
1099 1702 1173 1784 quia
1196 1703 1319 1784 optulit

167 1828 293 1884 munus,
322 1812 428 1871 tamen
457 1809 531 1890 quia
558 1827 618 1872 non
642 1815 726 1874 recte
751 1814 782 1874 et
804 1809 871 1873 iure
895 1809 1016 1887 diuisit,
1041 1809 1167 1891 culpam
1190 1809 1315 1873 incidit.

103 1916 143 1978 19
168 1917 319 1997 quattuor
337 1914 421 1978 enim
441 1934 555 1998 genera
579 1919 655 1980 sunt
677 1916 793 1997 quibus
818 1915 974 1981 sacrificia
998 1915 1315 1981 commendabantur:

167 2023 195 2086 si
219 2025 275 2086 aut
298 2040 382 2085 noua
404 2040 559 2085 nouorum
584 2027 691 2086 essent
711 2026 766 2086 aut
784 2023 862 2086 trina
881 2026 937 2086 aut
956 2022 1060 2087 diuisa
1078 2025 1135 2086 aut
1152 2022 1316 2089 continua.
1337 2041 1363 2080 1⁵

167 2149 249 2193 noua
282 2146 436 2192 nouorum
468 2128 570 2211 primo
603 2131 743 2211 tempore
777 2129 858 2206 enni,
893 2147 973 2210 quae
1006 2129 1111 2212 specie
1138 2128 1169 2192 in
1197 2130 1317 2212 prirno-

167 2235 283 2320 genitis
316 2234 472 2298 fructibus
505 2235 766 2316 aestimabantu1·;
801 2254 885 2299 nnnc
917 2239 1024 2300 antem
1055 2238 1232 2300 reuelatum
1265 2242 1317 2302 est

167 2362 221 2406 eos
242 2341 412 2424 significari
433 2342 486 2423 qui
506 2361 561 2424 per
584 2341 784 2423 baptismatis
809 2344 1006 2405 sacramenta
1027 2346 1227 2407 renouentur.
1252 2344 1315 2408 hoc
1362 2357 1410 2411 215

167 2454 216 2512 est
239 2450 321 2512 enim
345 2468 419 2512 nere
445 2449 634 2513 sacrificium
657 2449 867 2531 primitiunm,
892 2449 1016 2531 quando
1037 2449 1259 2531 unusquisque
1279 2469 1315 2513 se

168 2556 259 2618 offert
289 2555 439 2632 bostiam,
470 2575 488 2619 s
516 2574 549 2619 se
583 2556 704 2638 incipit,
738 2561 775 2619 ut
805 2559 917 2638 postea
944 2575 1058 2620 nnunns
1088 2576 1182 2620 suum
1209 2555 1363 2638 possitae

167 2663 285 2727 offena.
316 2682 400 2726 noua
427 2663 527 2746 igitur
554 2662 632 2726 fides
656 2665 890 2740 renouatorum,
914 2663 1031 2740 ualida,
1056 2663 1244 2744 pubescens,
1269 2662 1315 2726 in-

168 2773 360 2833 crementum
395 2769 525 2833 nirtntis
559 2770 737 2851 adquirens,
772 2788 831 2833 non
865 2769 1008 2843 remissa,
1038 2788 1098 2833 non
1127 2769 1222 2846 fessa,
1252 2788 1314 2833 non

167 2877 254 2941 senio
289 2875 424 2958 quodam
458 2876 598 2939 marcida
625 2880 656 2938 et
684 2876 793 2959 uigore
822 2876 938 2960 ignaua
966 2878 1039 2957 apta
1067 2873 1221 2939 sacrificio
1253 2878 1314 2949 est,

167 3002 246 3065 quae
274 2982 412 3065 pullulet
440 2982 576 3063 quodam
606 2982 723 3047 uirenti
751 2983 891 3065 germine
920 2980 1093 3062 sapientiae
1117 2985 1148 3045 et
1171 2981 1315 3046 iuuenali

166 3089 289 3152 diuinae
328 3089 521 3173 cognitionis
555 3090 679 3154 feruore
715 3088 879 3170 pubescat,
912 3087 1027 3151 babeat
1058 3092 1164 3152 tamen
1198 3106 1311 3152 sucum
1331 3106 1357 3147 es

166 3195 324 3259 doctrinae
357 3197 488 3269 ueteris;
519 3197 604 3261 sicut
632 3197 715 3260 enim
743 3195 817 3260 noui
844 3195 891 3259 ite
918 3200 950 3258 et
977 3194 1096 3259 ueteris
1125 3195 1311 3259 testamenti
1370 3206 1390 3260 Β

166 3301 260 3365 debet
293 3302 434 3369 doctrina
464 3323 659 3379 concurrere,
688 3303 762 3384 qnia
790 3302 943 3383 scriptum
974 3305 1036 3366 est:
1070 3301 1311 3366 manducate

257 3543 358 3598 illen.
378 3546 422 3603 41.
442 3545 476 3597 26
496 3543 574 3597 Philo
595 3542 792 3608 Quaestldt
869 3543 1052 3607 suenci
1126 3542 1310 3607 suenus

165 3632 244 3686 Philo
265 3633 377 3698 Quaest.
397 3633 410 3685 l
431 3634 464 3685 63
537 3634 552 3684 9
572 3632 653 3701 Uerg.
674 3636 740 3687 Aen.
760 3634 772 3686 l
791 3635 843 3687 694
918 3636 950 3688 15
970 3632 1058 3687 benit.
1078 3635 1102 3692 2.
1125 3635 1158 3687 14
1177 3634 1257 3688 Pbilo
1277 3633 1309 3686 de

166 3739 232 3775 sacr.
252 3724 284 3776 21
306 3720 561 3790 (177,37;1233.
583 3723 615 3775 10
638 3724 678 3789 C.)
750 3725 782 3776 19
802 3723 877 3775 Ronr.
900 3724 940 3780 12.
962 3724 973 3776 l
1049 3723 1083 3775 27
1101 3723 1191 3776 Leuit.
1212 3724 1256 3781 26.
1278 3723 1311 3777 lo

165 3812 244 3864 Pbilo
265 3812 297 3864 de
317 3827 383 3863 sacr.
404 3811 438 3863 23
459 3816 466 3869 t
474 3810 532 3871 178,
552 3811 599 3873 33;
619 3811 631 3862 Ι
651 3812 713 3877 234,
734 3812 766 3864 15
788 3811 829 3877 C.)

201 3970 217 4022 9
237 3971 365 4038 uelutque
384 3968 482 4036 scripsi
499 3969 543 4021 uel
563 3970 626 4038 quio
645 3971 672 4022 B
690 3969 734 4022 uel
753 3969 824 4039 qnod
843 3977 890 4024 cet.
983 3971 1013 4024 11
1035 3987 1051 4023 s
1070 3969 1119 4024 deo
1143 3970 1170 4023 V
1257 3989 1309 4025 non

166 4059 265 4111 addidi
337 4058 484 4127 probant-ur
503 4059 556 4109 Bu
630 4060 662 4111 12
682 4060 784 4127 optulit
802 4058 857 4111 51²¹
868 4062 888 4111 V
905 4060 1007 4112 obtulit
1026 4065 1072 4112 cer.
1141 4060 1174 4112 21
1195 4077 1308 4114 renonu-

164 4152 253 4200 torum
272 4164 357 4215 usque
381 4148 420 4199 acl
442 4149 572 4201 sacrificio
602 4150 682 4202 etiarn
708 4166 738 4216 p.
764 4152 830 4209 397,
854 4166 881 4201 rc.
914 4154 931 4201 7
953 4166 1004 4204 om.
1029 4148 1063 4214 S,·
1086 4148 1188 4202 excidit
1209 4150 1310 4216 folium

166 4238 200 4288 ‘24
219 4236 332 4288 iuuenili
353 4236 411 4287 BV
463 4238 495 4289 27
512 4242 576 4304 post
597 4237 660 4307 qnia
680 4237 744 4289 odd.
766 4237 837 4290 sicut
855 4237 955 4288 M‘PV
973 4243 997 4289 et
1016 4237 1066 4297 (sio
1085 4237 1166 4301 corr.)
1184 4236 1220 4289 P‘
