2836 4822
307 338 349 391 De
369 337 435 393 Cain
449 342 476 392 et
491 339 559 393 Abel
571 338 599 392 II
614 340 639 393 3.
653 340 679 404 ’4,
696 340 736 393 12.
754 340 786 393 13
825 339 848 407 (Ι
863 340 912 393 211
924 339 1038 393 Β-212
1048 339 1090 410 Β).
1222 343 1286 407 389

142 533 213 596 aliis
242 534 444 614 profuturum
472 536 562 612 sciat,
592 534 707 599 studiis
735 538 870 619 augetur
898 554 995 616 eaque
1025 535 1127 618 gratia
1151 535 1288 599 conect't

142 640 289 720 populoS,
320 640 503 706 adcumulet
531 642 695 706 caritatem
719 642 849 719 ciuium,
872 641 1000 706 urbium
1024 643 1167 725 gloriam.
1193 662 1287 724 quam

142 746 235 809 beata
263 747 388 824 ciuitas,
417 768 497 830 qnae
524 747 679 830 plurimos
708 749 810 813 iustos
833 749 941 827 habet,
967 767 1060 831 quam
1090 749 1287 813 celebrabilis

144 872 195 916 ore
227 854 379 931 omnium,
413 855 571 935 quomodo
604 855 802 920 benedicitur
832 858 899 919 tota
934 855 971 918 de
999 858 1087 936 parte
1116 859 1147 918 et
1174 855 1287 920 beatus

111 964 237 1040 eatque
265 964 438 1042 perpetuus
468 965 572 1026 status
601 962 669 1027 eius
698 962 909 1028 existimatur!
939 981 1033 1042 quam
1058 961 1191 1045 gaudeo,
1215 981 1288 1026 cnm

142 1066 265 1148 aliquos
298 1068 392 1132 mites
426 1087 462 1133 ao
494 1069 653 1150 sapientes
687 1068 743 1133 diu
773 1069 882 1133 uiuere
911 1068 1015 1144 uideo,
1045 1088 1117 1132 curn
1146 1070 1287 1152 uirgines

142 1179 257 1248 castae,
292 1174 406 1239 uiduae
440 1195 553 1259 graues
586 1175 705 1258 ospicio
735 1175 909 1257 longaeuus
938 1177 1029 1240 uelut
1056 1177 1213 1257 quandam
1241 1177 1287 1240 in·

142 1300 251 1345 canam
277 1282 430 1346 ecclesiae
454 1284 585 1359 curiam,
612 1302 691 1364 quae
715 1283 899 1364 praetendat
921 1283 990 1365 ipso
1011 1283 1169 1365 quoddam
1194 1283 1287 1347 uultu
1315 1293 1336 1346 F

142 1392 173 1450 et
201 1389 306 1469 specie
339 1389 508 1472 grauitatis
541 1389 625 1471 quod
658 1394 870 1468 reucreantur,
905 1390 989 1472 quod
1021 1390 1196 1468 imitentur,
1225 1409 1287 1472 quo

98 1515 122 1553 ro
143 1495 181 1558 ad
206 1516 329 1559 ornnem
353 1516 475 1560 morum
501 1497 635 1579 gratiam
655 1497 847 1561 colorentur!
872 1515 931 1560 non
953 1497 1035 1559 enim
1055 1497 1133 1579 ipsis
1154 1496 1287 1580 gaudee,

142 1622 215 1665 cunr
252 1603 374 1667 uiuenti
407 1603 508 1666 multa
541 1602 673 1666 subeant
705 1603 810 1666 taedia
838 1603 956 1667 saeculi
991 1603 1096 1680 huiuS,
1130 1604 1186 1667 sed
1214 1603 1288 1685 quia

141 1713 275 1790 prosunt
311 1709 467 1791 pluribus.
505 1709 652 1773 similiter
688 1729 760 1773 curn
799 1709 912 1792 uliquis
949 1710 1132 1774 huiusmodi
1171 1710 1290 1774 decidit

143 1817 288 1896 quamuis
319 1818 414 1899 longa
442 1819 605 1880 senectute
634 1816 809 1897 depositus,
838 1815 977 1893 adficior,
1006 1817 1079 1898 quia
1103 1817 1289 1881 destituitur

142 1943 215 2006 grex
239 1924 392 1987 iuuenum
417 1943 505 1986 muro
531 1923 633 1987 senili.
661 1922 796 2004 denique
819 1923 978 2003 periturae
1003 1901 1089 1987 urbis
1114 1926 1170 1987 eut
1191 1924 1288 1988 malo·

99 2050 211 2094 rorum
248 2029 470 2094 inminentium
508 2031 560 2093 uel
597 2031 722 2094 futurae
758 2029 840 2092 labia
872 2029 933 2093 hoc
964 2030 1100 2112 primunr
1124 2031 1287 2108 indicium,

142 2138 169 2200 si
189 2137 337 2201 decidant
355 2137 415 2200 uiri
435 2136 644 2201 consultiores
665 2137 716 2200 uel
740 2136 835 2199 etiam
861 2137 1022 2218 grauiores
1046 2137 1190 2213 feminae,
1216 2138 1288 2202 hino

141 2244 279 2326 primurn
302 2243 520 2327 ingruentium
544 2248 635 2324 porta
659 2242 799 2324 aperitur
821 2244 987 2309 malorum.
1013 2244 1097 2307 sieut
1119 2262 1192 2327 ergo
1213 2243 1288 2306 urbs

141 2353 209 2414 tota
234 2350 389 2415 solidatur
412 2354 507 2433 atque
531 2353 666 2433 augetur
690 2355 782 2414 coetu
807 2349 997 2431 sapientium
1024 2351 1075 2414 uel
1094 2350 1182 2414 obitu
1202 2350 1287 2414 labe·

142 2458 287 2534 iactatur,
312 2457 357 2521 ita
381 2476 484 2521 sermo
510 2456 616 2540 grauis
641 2459 672 2520 et
695 2457 823 2538 quidum
843 2452 953 2521 'senilis
972 2458 1084 2539 plenus
1103 2457 1286 2538 prudentiae
1296 2464 1385 2519 212A

96 2585 122 2622 20
142 2564 284 2628 stabilire
327 2564 578 2645 uniuscuiusque
616 2563 752 2627 animam
790 2564 881 2640 solet,
918 2563 1101 2628 confirmare
1138 2567 1287 2628 mentem.

142 2673 203 2735 iam
234 2672 261 2735 si
290 2670 420 2734 accedat
448 2671 620 2734 multarum
649 2671 824 2735 lectionum
853 2690 942 2749 usuc,
971 2670 1178 2752 plurimorum
1202 2690 1289 2753 prac-

142 2783 304 2860 ceptorum
342 2781 374 2840 et
412 2777 615 2842 consiliorum
653 2778 782 2860 quidam
822 2783 962 2854 senatus,
1004 2779 1058 2842 uel
1098 2782 1288 2860 perpetuum

144 2884 229 2948 urbis
255 2885 334 2961 eiua,
360 2904 440 2967 quae
465 2885 496 2948 in
521 2885 720 2968 singulorum
745 2889 794 2948 est
817 2885 1019 2967 praecordia,
1039 2889 1159 2949 statum
1180 2884 1288 2948 efficit.

10 2990 95 3073 r,13
186 2991 260 3055 Ideo
290 3011 364 3074 ergo
392 2991 621 3075 primogenitos
650 2995 682 3055 et
708 2991 922 3073 redemptores
951 2995 1125 3056 ceterorum
1158 2991 1287 3055 Leuitas
1315 3000 1337 3053 B

97 3119 122 3156 25
144 3098 271 3180 Moyses
305 3098 489 3180 appellauit,
524 3098 607 3179 quod
639 3099 819 3162 maturioris
849 3102 880 3161 et
908 3097 996 3161 utilis
1025 3098 1199 3162 sententiae
1228 3099 1287 3161 uiri

232 3411 248 3464 2
266 3409 346 3463 Philo
367 3408 399 3462 de
418 3427 485 3462 sacr.
504 3410 537 3464 37
558 3409 631 3475 (187,
651 3410 697 3472 36;
720 3409 849 3473 12524
872 3409 912 3476 0.)
969 3411 1001 3463 12
1021 3410 1153 3464 Philode
1173 3428 1239 3465 sacr.
1255 3413 1288 3465 37

143 3499 214 3556 (188,
237 3501 264 3562 1;
285 3499 377 3561 1252,
399 3499 431 3552 12
453 3497 493 3562 0.)
550 3499 582 3552 13
602 3498 684 3567 Uerg.
704 3498 770 3551 Aen.
791 3497 843 3551 XII
864 3500 915 3553 395
973 3500 1004 3552 17
1024 3498 1103 3552 Philo
1124 3499 1157 3553 de
1172 3517 1238 3552 sacr.
1255 3500 1287 3553 37

145 3589 216 3651 (188,
237 3589 283 3652 12;
303 3588 397 3649 1253,
417 3587 432 3639 3
455 3587 496 3652 O.)
569 3589 603 3640 24
623 3586 703 3640 Nnrn.
725 3586 749 3651 3,
772 3588 804 3640 12
823 3587 903 3640 Philo
923 3587 956 3641 dc
976 3605 1041 3642 sacr.
1061 3589 1095 3641 37
1116 3589 1189 3654 (188,
1211 3591 1255 3652 17;
1276 3588 1289 3641 Ι

143 3680 203 3740 253,
224 3679 239 3731 7
262 3677 303 3744 (1.)

178 3893 304 3945 douram
323 3889 385 3943 MP
465 3890 600 3959 quoddam
620 3889 662 3942 Μ’
682 3889 710 3956 (d
724 3907 768 3958 pr.
790 3893 870 3956 eros.)
890 3889 924 3942 P¹
944 3888 1059 3958 quodam
1079 3896 1126 3942 cet.
1201 3893 1289 3959 itque

144 3979 227 4049 (qnod
248 3983 293 4033 ma
311 3980 364 4045 Μ’)
384 3979 648 4032 rencreanturM‘P
750 3995 803 4047 quo
822 3979 964 4032 imitentur
982 3978 1009 4030 P
1111 3977 1184 4048 quod
1203 3978 1237 4032 cd
1255 3980 1292 4032 Μ

147 4071 176 4122 ll
197 4070 302 4122 uiuenti
321 4069 460 4122 Hernicus
479 4068 596 4122 Schenkl
615 4066 726 4121 uiurndi
747 4068 813 4120 riori
884 4067 964 4120 huius
984 4069 1085 4121 sacculi
1104 4068 1130 4120 B
1191 4069 1223 4120 12
1243 4066 1288 4121 de·

144 4157 216 4211 cedit
234 4158 332 4211 MAA‘
398 4159 430 4211 15
449 4157 579 4210 indicium
599 4161 641 4210 est
659 4157 763 4210 M‘PP‘
770 4157 795 4209 V
810 4156 938 4210 iudicium
958 4162 1000 4210 est
1018 4157 1045 4209 B
1110 4158 1142 4210 16
1162 4155 1291 4212 decidant

145 4247 207 4300 ,Μ’
226 4247 341 4302 Monac.
362 4249 458 4300 14399
476 4245 593 4301 Ur'ndob.
617 4249 634 4298 7
638 4250 676 4299 58
694 4245 853 4299 decidantur
871 4252 917 4299 eet.
975 4246 1006 4299 17
1028 4247 1148 4316 aperitur
1166 4251 1245 4316 porta
1263 4247 1290 4299 B
