2836 4822
397 328 438 381 ne
457 329 516 383 Noe
535 329 560 393 e,
579 330 686 387 cr-aa
723 329 748 400 (Ι
766 330 817 384 aar
838 331 952 385 n-aas
973 331 1016 401 n).
1217 337 1278 399 431

133 526 324 591 insatiabilis
353 525 503 607 epulandi
529 524 640 591 libido.
670 525 807 608 primum
836 544 910 610 ergo
937 526 1113 612 indigentia
1141 532 1227 592 esset
1250 532 1283 593 et
1316 570 1320 578 ·

133 637 244 712 fames,
277 633 389 698 deinde
423 653 459 697 er
490 632 540 696 his
574 636 760 714 sequeretur
792 632 905 698 edendi
941 633 1010 698 sine
1046 634 1281 700 intermissione

133 740 339 806 continuatio.
360 738 436 821 quid
454 741 561 803 autem
581 738 754 804 deformius
775 759 869 822 quam
886 758 1012 822 semper
1023 741 1128 804 uentri
1142 741 1280 819 studere,

134 849 187 932 qui
223 868 295 912 cum
327 846 468 929 repletur
498 845 683 910 uacuandus
717 848 776 923 est,
805 865 877 910 cum
906 851 1062 912 uacuatur
1088 847 1280 929 replendus?

101 958 263 1022 olentium
291 954 368 1038 quid
396 957 526 1038 superat
552 953 615 1017 nisi
642 972 728 1018 more
756 953 838 1019 inter
864 954 952 1036 ipsos
985 954 1073 1019 cibos
1106 955 1280 1037 epulasque
1302 965 1325 1019 B

132 1064 307 1147 permixta?
342 1061 499 1144 quomodo
533 1060 618 1125 enim
650 1064 797 1143 poterant
829 1061 950 1126 diutius
979 1062 1080 1126 uitam
1108 1061 1281 1144 producere

133 1171 229 1235 simul
246 1168 376 1233 edentes
395 1173 428 1233 et
446 1168 633 1244 esurientes,
653 1168 798 1232 bibentes
818 1168 1027 1250 sitientesque
1046 1170 1079 1232 et
1095 1168 1280 1251 priusquam

132 1278 329 1360 replerentur
365 1275 578 1339 exinanientes
617 1293 709 1338 omne
748 1274 832 1355 quod
870 1279 1073 1357 sumpserant
1108 1275 1280 1358 statimque

132 1384 328 1449 esurientes?
356 1401 440 1446 nunc
465 1384 573 1446 autem
592 1382 668 1446 dum
691 1381 846 1464 paulatim
871 1381 1036 1446 descendit
1058 1401 1140 1458 esca,
1164 1381 1281 1446 samem

87 1510 113 1549 10
132 1494 164 1554 et
192 1489 381 1555 cruditatem
410 1488 563 1553 naturalis
596 1491 767 1571 temperat
785 1488 994 1570 prouidentia.
1027 1488 1165 1571 primurn
1197 1488 1280 1552 enirn

130 1598 162 1661 in
196 1595 371 1673 stomacho,
410 1614 504 1677 quem
539 1594 683 1678 plerique
716 1597 860 1659 uentrem
888 1595 1048 1678 appellant
1075 1594 1280 1678 superiorem,

133 1702 300 1768 conficitur
332 1701 434 1779 cibus,
468 1700 580 1766 deinde
609 1701 758 1783 coquitur
783 1700 814 1764 in
844 1700 946 1766 iecore
975 1703 1070 1782 atque
1099 1720 1134 1765 eo
1163 1710 1325 1783 uaporec

132 1809 297 1893 digeritur.
322 1828 419 1873 sucus
444 1808 513 1872 eius
538 1806 693 1871 diuiditur
716 1807 811 1871 certis
836 1806 996 1871 uiscerum
1015 1807 1224 1889 portionibus,
1245 1827 1280 1872 ex

132 1937 193 1999 quo
223 1934 316 1981 omne
345 1934 460 1998 corpus
488 1914 635 1979 ualescit.
670 1914 754 1996 quod
782 1914 861 1978 satis
890 1913 1049 1979 iuniorum
1077 1913 1280 1987 incrementa,

87 2044 112 2084 1⁵
132 2044 245 2089 senum
281 2022 472 2088 testificatur
502 2021 747 2105 perseuerantia.
786 2021 944 2102 reliquum
978 2020 1040 2084 cibi
1072 2020 1102 2084 in
1137 2024 1280 2085 uentrem

132 2131 252 2207 defluit,
291 2149 384 2211 quem
423 2147 532 2194 omues
569 2131 713 2192 uentrem
751 2127 948 2210 appellamus
986 2127 1053 2190 sine
1093 2127 1280 2207 adiectione,

130 2239 273 2320 plerique
297 2238 442 2302 uentrem
466 2236 575 2301 dieunt
597 2235 788 2311 inferiorem,
814 2253 850 2299 ex
873 2253 935 2317 quo
957 2235 1052 2298 fimus
1071 2253 1201 2299 necesse
1221 2239 1280 2313 est,

131 2345 184 2427 qui
214 2345 327 2428 plenus
356 2343 417 2407 iam
448 2343 660 2426 corruptionis
689 2340 902 2422 descenderat,
937 2345 1082 2426 egeratur
1113 2361 1169 2424 per
1200 2341 1280 2405 illud

132 2471 167 2515 eu
189 2455 371 2516 transuerso
398 2450 528 2513 ostium.

40 2553 83 2615 29
98 2581 125 2621 20
174 2558 261 2622 Haec
286 2576 360 2621 curn
382 2557 429 2620 ita
451 2556 537 2620 fabre
561 2554 697 2620 naturali
721 2555 923 2619 institutione
950 2554 990 2618 ad
1013 2554 1064 2618 dei
1087 2556 1278 2637 praeceptio·
1299 2566 1323 2619 Ι)

131 2684 202 2728 nem
240 2663 417 2748 composita
448 2662 607 2740 uidentur,
640 2666 745 2726 tamen
778 2662 841 2727 nisi
872 2682 890 2726 a
920 2661 1010 2725 nobis
1044 2660 1154 2725 edendi
1187 2682 1279 2746 agen·

130 2771 225 2852 dique
255 2790 404 2836 mensura
431 2773 586 2847 seruetur,
615 2771 777 2850 tamquam
807 2769 1048 2835 exuberantibus
1077 2769 1280 2852 passionibus

131 2883 299 2957 generatur
326 2877 486 2942 diluuium
510 2882 542 2942 et
565 2877 719 2960 quaedam
748 2877 848 2940 totius
877 2877 965 2940 labes
990 2875 1144 2958 corporis3
1169 2876 1281 2940 intem-

132 2986 274 3065 perantia
304 2985 387 3049 enim
412 2985 557 3050 accendit
579 2983 754 3060 libidinem,
779 2982 969 3048 cruditatem
994 2987 1132 3066 general,
1157 3001 1282 3065 corrup-

84 3114 112 3154 aa
130 3092 227 3155 telam
253 3095 348 3157 creat.
372 3092 481 3173 itaque
504 3094 560 3155 aut
579 3090 694 3154 duritie
713 3090 835 3154 interna
853 3089 1027 3153 tenduntur
1045 3093 1078 3153 et
1096 3091 1283 3172 quatiuntur

131 3198 293 3263 doloribus
309 3202 366 3262 aut
379 3198 504 3263 incocto
526 3199 667 3263 ciborum
688 3217 796 3262 umere
817 3201 849 3262 et
866 3197 1091 3281 indigestionis
1111 3197 1282 3279 asperitate

130 3304 261 3369 interior
298 3305 425 3387 quidam
464 3305 688 3369 intestinorum
727 3304 863 3369 amictus
902 3303 1032 3379 raditur,
1075 3303 1150 3384 quia
1192 3293 1284 3367 uelut

168 3621 179 3672 l
201 3618 351 3690 indigentia„¹
376 3619 405 3672 T*
425 3618 574 3687 indigentie
594 3618 621 3670 B
725 3620 796 3670 osset
816 3620 842 3670 et
865 3617 946 3670 Tesl
969 3622 995 3669 ct
1014 3617 1041 3669 P
1051 3621 1091 3668 nal
1109 3616 1141 3668 N
1158 3621 1229 3669 essct
1248 3617 1275 3669 P

130 3708 318 3761 marma
373 3708 483 3762 {acibus
503 3708 530 3759 Ρ
547 3708 574 3776 (o
595 3723 627 3760 esc
647 3707 674 3776 u)
729 3705 908 3775 6procederc
928 3705 960 3757 N
1013 3706 1077 3758 iet
1095 3705 1225 3758 bibentes
1250 3706 1275 3757 T

167 3801 194 3848 ct
213 3812 264 3849 om.
284 3797 310 3848 B
385 3797 417 3850 10
437 3799 569 3864 temperet
590 3794 736 3864 prudentia
755 3794 781 3845 B
855 3796 884 3847 ll
907 3794 1070 3863 superiorem
1092 3794 1232 3862 appellant
1251 3795 1278 3847 B

132 3886 164 3936 12
184 3884 377 3953 quoquiturT
463 3885 597 3952 digeritur
616 3900 715 3952 uapore
735 3883 767 3936 N
839 3885 871 3936 13
898 3883 1078 3951 sucusqueB
1151 3883 1281 3936 20labre

136 3972 224 4025 'l'T‘B
242 3973 330 4035 frabrc
351 3973 384 4033 Ρ,
403 3989 454 4028 oric.
475 3975 505 4026 N
586 3975 618 4027 ‘21
642 3973 784 4025 uideantur
808 3973 831 4025 Τ
832 3972 839 3997 ⁴
859 3978 886 4035 (a
905 3989 926 4025 s.
946 3983 984 4036 u.)
1004 3971 1037 4023 N
1110 3971 1162 4024 nisi
1182 3990 1232 4024 orer.
1253 3973 1284 4025 N

169 4062 273 4117 edeNdi
293 4063 320 4115 P
339 4062 375 4119 (Ν
394 4079 426 4116 ea
445 4080 513 4115 corr.
534 4063 591 4129 ros)
664 4061 761 4114 edendi
782 4078 798 4113 a
816 4061 894 4113 nobis
910 4061 941 4113 N
990 4063 1023 4114 ‘2⁶2
1042 4078 1168 4113 mensura
1187 4079 1237 4114 orn¹
1252 4060 1282 4112 N

130 4152 164 4204 25
189 4149 288 4204 duritie
312 4152 412 4219 scripsi
436 4150 552 4203 duritiae
579 4150 633 4203 PT
656 4150 757 4202 duritia
776 4155 823 4203 cet.
916 4152 949 4204 ‘26
970 4166 1061 4201 nonore
1085 4149 1236 4202 erunuue
1257 4150 1283 4202 P

134 4238 208 4292 rlrum
227 4258 248 4294 a.
270 4259 294 4293 u.
315 4246 371 4306 roal)
392 4246 438 4294 cel.
495 4242 528 4293 27
550 4257 602 4308 qua
621 4240 648 4292 P
