2836 4822
375 329 415 381 De
435 327 559 398 paradiso
581 329 621 381 12.
641 329 675 381 56
713 328 737 393 (I
758 328 809 381 170
828 327 936 381 E-ltl
959 326 1000 391 C).

116 544 158 589 eo
190 543 317 606 neque
348 522 533 608 tangetis
564 523 609 586 ab
641 543 695 599 eo,
724 543 769 587 ne
798 527 928 587 morte
956 522 1200 587 moriamini.
1229 521 1360 587 inltln

115 631 263 695 mandato
288 630 416 713 quidem
440 630 564 694 nullum
588 630 705 694 uitium
729 633 788 703 est,
814 629 869 694 sed
892 631 923 695 in
942 630 1093 695 relatione
1112 629 1261 693 mandati.

115 738 232 802 etenim
249 739 401 819 quantum
416 755 565 817 praesens
581 736 676 800 lentio
692 737 794 800 docet.
811 737 965 802 discimus
980 737 1059 800 nihil
1076 738 1128 800 nei
1144 736 1263 801 cantio-

115 845 164 909 nis
184 845 287 926 gratia
306 844 434 926 iungere
455 862 512 907 nos
533 843 645 907 debere
665 843 823 909 mandato.
849 844 875 908 si
896 843 972 925 quid
993 844 1075 908 enim
1093 844 1146 906 uei
1167 842 1262 907 addas

81 975 95 1014 a
114 952 166 1015 rrei
183 950 338 1025 detrahas,
359 949 586 1033 praeuaricatio
607 951 762 1032 quaedam
781 950 910 1015 uidetur
928 968 998 1014 esse
1015 949 1165 1016 mandati.
1185 969 1263 1031 pura

115 1056 198 1120 enirn
223 1060 255 1120 et
278 1057 411 1139 simplex
435 1056 575 1120 mandati
598 1058 699 1121 fornia
723 1056 879 1120 seruanda
902 1057 953 1121 nei
978 1056 1143 1121 testimoni
1166 1057 1263 1119 series

114 1161 289 1226 intimanda
332 1165 391 1226 est.
433 1163 620 1245 plerumque
662 1163 755 1228 testis
799 1163 873 1227 dum
915 1163 1035 1245 aliquid
1073 1163 1112 1227 ad
1149 1162 1263 1226 seriem

115 1272 278 1352 gestorum
307 1289 342 1333 ex
372 1288 429 1333 sno
459 1268 566 1344 adicit,
595 1272 694 1334 totam
724 1269 900 1333 testimonii
928 1269 1023 1334 fidem
1051 1269 1150 1352 partis
1178 1288 1262 1332 men·

115 1375 205 1441 dacio
222 1376 390 1442 decolorat.
408 1376 488 1441 nihil
503 1376 603 1460 igitur
622 1377 673 1440 uel
694 1376 778 1458 qnod
796 1376 915 1440 bonum
935 1376 1064 1440 uidetur
1083 1374 1261 1440 addendum
1288 1388 1311 1441 B

70 1508 96 1550 ιο
116 1487 175 1547 est.
207 1503 343 1566 namque
374 1483 424 1547 irio
456 1483 533 1566 quid
563 1484 746 1548 offensionis
779 1483 875 1548 habet
906 1484 1008 1566 prima
1040 1484 1145 1565 speeie
1178 1482 1262 1564 qrrod

116 1589 238 1653 addidit
262 1590 389 1654 mulier:
425 1608 550 1672 neque
583 1589 769 1673 tangetis
804 1609 846 1653 ex
880 1609 922 1654 eo
957 1590 1195 1672 quicquam?
1219 1628 1262 1635 —

114 1697 297 1780 tangetis
336 1697 419 1761 enim
444 1696 522 1762 dens
548 1717 606 1761 non
632 1696 760 1772 dixerat,
787 1697 843 1761 sed
871 1715 944 1761 non
980 1696 1114 1760 edetis
1139 1734 1181 1743 -
1206 1695 1263 1759 sed

115 1809 221 1867 tamen
248 1802 358 1885 lapsus
386 1803 499 1884 incipit
526 1822 597 1866 esse
626 1802 826 1886 principium.
855 1823 928 1866 narn
956 1823 1034 1885 quae
1065 1802 1188 1867 addidit
1210 1803 1262 1866 nei

116 1910 311 1991 superfluum
336 1909 459 1974 addidit
481 1910 535 1974 uel
558 1909 700 1974 addendo
725 1910 763 1973 de
787 1910 911 1992 proprio
937 1910 1146 1991 semiplenam
1171 1910 1262 1973 intei-

70 2043 96 2079 15
115 2017 193 2081 ierit
220 2016 270 2080 dei
299 2034 371 2081 esse
400 2016 594 2082 mandatum.
627 2016 718 2080 docet
746 2016 845 2100 igitur
873 2036 930 2080 nos
958 2016 1135 2099 praesentis
1164 2016 1261 2081 series

114 2123 261 2187 leetionis
275 2143 378 2205 neque
395 2123 558 2187 detrahere
574 2123 695 2205 aliquid
714 2123 832 2187 diuinis
852 2124 964 2189 debere
984 2122 1141 2188 mandatis
1161 2141 1262 2205 neque
1290 2133 1311 2189 O

116 2230 239 2294 addere.
268 2250 339 2294 nam
369 2229 396 2295 si
425 2230 581 2294 Iohannes
610 2231 670 2294 hoc
700 2229 856 2296 indicauit
886 2231 924 2295 de
956 2230 1023 2295 suis
1054 2229 1196 2312 seriptis:
1227 2229 1262 2293 si

116 2337 207 2418 quis
223 2336 646 2419 adposueritinqrritad
666 2339 773 2415 haee,
794 2337 951 2402 adiciet
968 2337 1007 2402 in
1025 2337 1144 2401 ilium
1164 2337 1261 2401 deus

116 2443 271 2527 plagas.
310 2463 411 2526 quae
447 2445 628 2528 scriptae
662 2447 756 2509 sunt
787 2445 826 2509 in
859 2443 965 2509 libro
997 2445 1090 2521 isto,
1124 2447 1163 2508 et
1195 2442 1260 2526 qni

71 2574 99 2615 ao
118 2550 345 2633 dempserit
368 2550 413 2614 de
437 2552 576 2616 uerbis
601 2550 663 2615 his
688 2551 930 2634 prophetiae
953 2549 1260 2626 huius‚delebit

116 2656 214 2720 deus
260 2660 414 2740 partem
456 2658 575 2722 iliius
618 2658 662 2722 de
704 2657 811 2722 libro
853 2657 976 2734 uitae,
1022 2662 1140 2741 quanto
1183 2659 1261 2723 nihii

115 2762 233 2828 diuinis
257 2762 414 2827 mandatis
438 2766 488 2827 est
512 2763 755 2828 detrahendum!
781 2763 854 2828 hinc
878 2782 952 2848 ergo
977 2763 1083 2845 coepit
1105 2765 1262 2845 praeuari-

117 2869 199 2933 catio
231 2870 334 2951 prima
367 2889 436 2934 esse
467 2870 617 2934 mandati.
649 2874 681 2935 et
710 2871 853 2954 plerique
883 2873 998 2953 putent
1027 2890 1088 2935 non
1119 2871 1262 2935 mulieris

115 2974 175 3038 hoe
203 2975 318 3039 uitium
348 2994 429 3049 esse,
458 2975 514 3040 sed
543 2975 629 3040 Adae
657 2975 766 3040 fuisse.
790 2976 836 3040 ita
858 2974 960 3040 Adam
985 2975 1101 3040 dixisse
1125 2975 1261 3049 mulieri,

208 3220 239 3272 rr
259 3220 342 3289 npoe.
361 3221 404 3280 aa,
429 3219 460 3271 rs
481 3236 521 3289 sq.
544 3193 547 3199 ⁴

155 3341 228 3396 lab
252 3343 294 3413 eo]
318 3360 349 3398 ex
373 3360 404 3397 eo
423 3343 458 3405 Β,
483 3344 516 3396 ab
542 3360 573 3397 eo
593 3344 623 3412 (s.
644 3360 674 3396 ex
694 3343 737 3412 eo)
755 3344 799 3407 Β,
818 3342 891 3397 ind
907 3359 962 3398 rae.
985 3346 1001 3396 d
1022 3343 1073 3396 litt.
1147 3360 1179 3396 ea
1197 3343 1261 3399 ΒΡ

151 3435 240 3485 morte
258 3447 309 3485 om.
328 3432 394 3487 ΒΜ
399 3432 429 3486 V‘
483 3431 675 3487 darandatnm
693 3432 758 3487 ΒΨ
820 3432 986 3486 reuelstione
1003 3431 1070 3487 ΒΨ
1134 3431 1262 3486 nrandato

116 3521 137 3589 (i
155 3537 176 3574 a.
197 3520 224 3588 o)
242 3523 270 3576 A
337 3520 533 3576 3dicimnsR
552 3521 632 3590 (corr.
652 3525 709 3586 m2)
733 3520 765 3573 1*
833 3521 934 3591 dqnid
954 3521 983 3588 (d
1002 3528 1075 3583 eat)
1095 3522 1122 3575 P
1184 3520 1263 3575 ode·

115 3615 190 3662 traas
208 3610 236 3662 A
290 3625 349 3663 esse
367 3609 475 3663 uidetur
488 3611 522 3663 P‘
572 3611 691 3679 danim]
706 3611 880 3680 rnalr'rnergo
935 3610 1133 3672 testimoniali
1147 3611 1262 3677 (inodo.

117 3705 144 3762 a)
165 3698 316 3751 testimonii
333 3698 361 3751 A
381 3699 509 3763 (inite.
529 3705 568 3760 u.)
588 3704 635 3753 cet.
691 3699 706 3751 7
727 3705 864 3769 gestorum
883 3700 979 3753 seriem
998 3699 1063 3754 ΒΨ
1119 3701 1136 3751 9
1156 3697 1263 3752 uidetur

117 3786 295 3840 essebonum
314 3787 342 3840 Β
433 3790 465 3841 11
486 3787 593 3842 addidit
612 3789 633 3854 (i
646 3804 691 3856 pr.
707 3794 806 3855 posteo
825 3788 902 3853 add.)
922 3790 949 3841 A
973 3788 1050 3840 addit
1068 3787 1096 3842 R
1186 3803 1218 3839 ea
1236 3788 1263 3840 A

119 3877 152 3929 12
171 3877 293 3945 tengetis
313 3881 340 3941 (a
357 3892 379 3930 e.
400 3877 470 3943 p)A
525 3876 652 3947 sederit]
673 3876 833 3931 etRSBV‘
885 3877 918 3930 13
937 3875 1014 3930 addit
1032 3876 1116 3931 SBP‘
1169 3876 1200 3929 16
1216 3875 1262 3929 de·

117 3971 206 4016 traore
225 3968 251 4018 A
323 3964 461 4018 mandatis
481 3965 578 4018 debere
597 3965 624 4018 Β
718 3967 749 4018 19
769 3966 875 4033 scripta
895 3967 921 4018 A
941 3968 973 4029 (a
992 3982 1026 4019 aa
1045 3967 1070 4031 a)
1086 3964 1187 4034 scripte
1206 3964 1261 4017 ΒΡ

155 4058 183 4105 et
201 4069 252 4106 om.
271 4053 337 4109 ΒΨ
410 4054 446 4107 20
464 4053 569 4108 delebit
587 4055 662 4108 illum
683 4054 776 4108 dirsB
836 4056 867 4108 21
890 4058 1021 4123 quantum
1041 4051 1064 4104 Π
1085 4059 1185 4123 quanto
1205 4071 1261 4107 rna·

119 4141 161 4206 gis
180 4142 207 4195 Β
280 4142 380 4196 diuinis
399 4143 534 4196 mandatis
554 4142 622 4196 nihil
642 4147 685 4196 est
703 4142 915 4196 subtrahendam
933 4143 960 4196 Β
1028 4144 1062 4197 22
1082 4143 1173 4212 coepit
1191 4142 1218 4195 P
1234 4147 1261 4213 (o

117 4246 139 4281 e.
160 4235 198 4294 o.)
224 4229 342 4283 VMC'P‘
361 4231 433 4300 cepit
452 4231 511 4284 AC⁴
531 4232 605 4301 cepit
622 4237 670 4285 eet.
726 4233 760 4285 23
780 4230 900 4284 mandati
919 4246 971 4286 ona.
990 4230 1017 4283 Β
