2836 4822
347 341 492 394 Exarncron
512 340 536 391 l*
555 341 579 394 3.
599 343 625 397 4,
644 340 732 393 8-10
771 341 802 405 (l
814 340 847 394 82
867 339 963 393 n-83
984 338 1025 404 C).
1199 342 1260 405 147

112 537 171 602 sed
204 536 310 619 generi
344 556 400 600 suo
433 536 596 607 miscetur,
629 535 804 617 thymallus
838 534 1002 618 thymallo,
1035 535 1131 616 lupus
1164 536 1260 617 lupo!

114 662 286 724 scorpaena
319 661 444 724 quoque
478 642 658 705 castitatem
691 641 875 706 inmaculati
904 641 1031 705 conubii
1059 643 1181 725 generis
1211 643 1261 707 sui

113 754 229 815 seruat.
259 750 366 831 itaque
395 750 489 813 habet
518 747 703 832 pudicitiam
734 748 857 831 generis
886 748 989 826 (sui),
1019 749 1074 812 sed
1104 769 1261 813 uenenum

114 857 237 942 generis
271 856 321 920 sui
355 876 415 920 non
449 856 563 923 habet:
599 875 658 918 non
692 855 775 918 enim
810 855 948 937 percutit
985 875 1165 938 scorpaena,
1204 856 1261 920 sed

78 992 93 1031 n
113 964 223 1030 reficit.
243 962 390 1027 nesciunt
407 962 506 1043 igitur
525 961 618 1025 alieni
634 961 757 1044 generis
773 962 896 1025 socium
911 961 1088 1026 adirlterina
1103 961 1260 1045 coniugia,

112 1070 197 1134 sicut
229 1075 304 1135 sunt
336 1090 371 1133 ea
405 1088 485 1152 qnae
520 1073 652 1132 coeunte
686 1069 846 1132 asinorum
875 1088 1089 1151 equarumque
1116 1069 1198 1132 inter
1227 1087 1260 1132 se

112 1197 224 1260 genere
258 1196 373 1261 magna
404 1194 478 1239 cura
510 1176 675 1240 hominum
707 1178 935 1257 perpetrantur,
966 1177 1017 1239 nel
1046 1195 1156 1240 rursus
1186 1194 1259 1238 cum

111 1285 201 1367 equis
232 1285 338 1348 asinae
367 1284 551 1359 miscentur,
581 1301 660 1365 qnae
690 1286 765 1346 sunt
793 1302 866 1346 uero
895 1283 1088 1347 adulterinae
1114 1287 1257 1355 naturae;

111 1411 183 1455 nam
216 1391 327 1473 utique
361 1390 463 1453 mains
497 1396 546 1454 est
580 1388 662 1471 qnod
695 1389 726 1453 in
760 1394 887 1454 naturae
921 1390 1141 1454 conluuionem
1176 1408 1259 1453 conr-

64 1527 92 1566 ιο
110 1499 250 1562 mittitur
288 1517 381 1579 quam
420 1497 505 1579 qnod
542 1496 573 1560 in
606 1498 757 1578 personae
790 1497 947 1560 iniuriam.
982 1499 1023 1574 et,
1057 1496 1162 1573 homo,
1196 1496 1350 1560 israuca

109 1623 259 1689 procuras
293 1605 447 1685 interpres
481 1604 628 1668 adulterii
661 1604 844 1668 iumentalis
879 1608 910 1667 ct
938 1603 1018 1667 illud
1047 1603 1163 1667 animal
1191 1622 1258 1684 pre-

109 1713 225 1776 tiosius
253 1714 358 1793 putas,
390 1711 472 1793 quod
502 1711 715 1775 adulterinum
746 1730 840 1793 quam
864 1710 947 1792 quod
971 1730 1081 1774 nerum
1106 1713 1164 1774 ost.
1188 1709 1258 1792 ipse

109 1838 223 1903 genera
252 1819 352 1882 aliena
381 1817 547 1881 confundis
576 1817 764 1899 diuerseque
793 1817 908 1881 misces
938 1817 1058 1880 semina
1091 1820 1185 1897 atque
1219 1817 1258 1880 ad

110 1927 227 1989 uetitos
267 1926 370 1989 coitus
407 1925 592 2008 plerumque
630 1924 718 2008 cogis
756 1924 875 1989 inuitos
913 1928 945 1987 et
977 1924 1036 1988 hoc
1068 1924 1257 1989 industriam

66 2060 89 2098 u
108 2052 216 2097 uocas.
249 2032 309 2097 hoc
344 2032 418 2114 quia
447 2031 484 2094 de
513 2031 694 2095 hominibus
723 2031 824 2115 facere
854 2050 913 2094 non
943 2032 1045 2113 potes,
1074 2033 1112 2094 ut
1140 2029 1256 2095 diuersi

108 2140 232 2225 generis
261 2138 443 2203 commixtio
471 2137 556 2201 fetus
584 2137 687 2219 possit
716 2136 890 2213 excludere,
915 2136 1003 2201 tollis
1027 2136 1148 2200 homini
1174 2137 1257 2219 quod

108 2249 203 2310 natus
233 2249 283 2309 est
311 2249 341 2307 et
370 2245 473 2307 uirum
504 2243 541 2306 de
570 2244 638 2306 uiro
664 2243 768 2307 ensuis
794 2243 980 2325 abscisaque
1005 2243 1144 2326 corporis
1167 2248 1297 2326 parteB

108 2372 216 2416 senum
252 2371 359 2435 negas,
395 2351 564 2433 spadonem
600 2349 710 2428 efficio,
743 2353 779 2414 ut
812 2350 896 2433 quod
928 2350 1059 2435 negauit
1086 2353 1197 2415 natura
1225 2351 1256 2413 in

108 2459 292 2524 hominibus
317 2457 450 2541 inpleret
473 2457 615 2521 audacia.

44 2569 103 2636 020
155 2566 257 2645 Quam
289 2564 371 2627 bona
404 2568 509 2627 autom
539 2567 639 2626 mater
668 2563 711 2625 sit
739 2583 819 2645 aqua
849 2563 944 2626 etiam
972 2563 1043 2627 hinc
1083 2564 1296 2633 considerat}
1352 2603 1359 2621 .

107 2679 154 2740 tu.
179 2693 196 2737 o
217 2673 322 2747 homo,
343 2670 480 2734 docuisti
500 2669 716 2734 abdicationes
736 2673 860 2752 patrum
880 2669 911 2732 in
931 2669 1024 2747 filios,
1044 2672 1255 2752 separationes

109 2780 181 2844 odia
204 2778 354 2842 offensas:
379 2776 465 2842 disce
491 2796 570 2859 quae
595 2777 638 2840 eit
661 2777 801 2859 parentis
826 2780 858 2839 et
882 2775 1017 2840 filiorum
1042 2778 1254 2844 necessitudo.

108 2887 216 2950 ninere
240 2885 346 2967 pisces
372 2884 438 2947 sinc
463 2902 545 2966 aqua
569 2902 629 2947 non
656 2886 775 2964 queunt
798 2902 855 2946 neo
879 2901 898 2946 a
921 2902 996 2946 snae
1020 2884 1159 2965 parentis
1184 2903 1255 2949 con-

109 2994 206 3058 sortio
231 2991 369 3074 separari
398 3010 499 3073 neque
529 3010 546 3054 a
574 3008 650 3054 suno
680 2990 801 3054 altricis
830 2988 964 3053 discerni
993 3009 1131 3066 munere,
1161 2995 1192 3054 et
1220 2995 1255 3055 trt

64 3130 89 3169 aa
108 3100 168 3163 hoc
197 3103 310 3163 natura
337 3098 482 3181 quadarn,
511 3101 548 3161 ut
576 3098 712 3178 separati
737 3097 912 3161 moriantur
934 3096 1019 3161 ilico.
1045 3099 1255 3180 nequeenim

197 3325 232 3379 20
252 3324 311 3378 Bas.
335 3325 384 3377 149
404 3324 427 3377 Β
447 3324 492 3393 (63
513 3323 571 3389 DE)

145 3451 157 3502 1
178 3448 324 3502 misceatur
343 3452 389 3501 ool
406 3448 486 3501 (lma
503 3447 529 3501 G
601 3447 729 3500 thimalus
745 3450 768 3502 G
788 3447 928 3500 thimallns
949 3448 971 3497 l'
989 3447 1135 3516 thymallus
1154 3448 1178 3504 at
1198 3453 1254 3514 (·us

105 3542 162 3602 m2)
183 3537 310 3606 tp‘mallus
330 3536 406 3592 ΜΡ
479 3536 611 3604 thymallo
628 3535 651 3588 0
669 3540 696 3604 ty
714 3535 745 3587 in
764 3536 832 3604 raa.)
851 3535 976 3589 thinnallo
998 3535 1022 3588 G
1042 3535 1062 3602 (l
1076 3552 1121 3603 pr.
1141 3541 1211 3604 exp.)
1233 3537 1258 3589 V

107 3627 218 3695 tpnrallo
237 3628 271 3682 u‘
360 3626 488 3694 ‘lgcneri
507 3642 555 3678 suo
576 3624 605 3677 N
695 3625 773 3678 3sni
792 3624 857 3678 cdd.
878 3643 921 3676 ou
1006 3625 1254 3693 balicnigenarnnr

103 3715 265 3783 (alienorum
279 3715 331 3770 uo
351 3730 384 3768 ex
402 3731 426 3775 a,
446 3713 593 3766 alienarum
615 3713 664 3775 Μ’,
685 3713 767 3766 alieni
787 3721 886 3782 genunt
904 3714 948 3783 ΨΥ)
967 3713 1080 3783 piscium
1101 3713 1253 3767 adulterina

104 3803 233 3872 contagia
257 3803 290 3855 N
394 3802 535 3871 conia-gia
561 3802 584 3854 (J
609 3805 637 3859 (n
661 3804 742 3865 eros.)
833 3803 988 3856 dooennto
1007 3801 1066 3856 MS
1087 3805 1186 3856 coeunt
1205 3809 1252 3856 cct.

142 3909 325 3963 equarumque
347 3891 370 3944 0
389 3897 413 3953 (c
430 3909 474 3959 pr.
494 3894 541 3943 m3
558 3908 590 3943 cs
609 3892 635 3957 a)
673 3891 688 3944 7
708 3907 809 3958 genera
825 3889 918 3945 GN⁴B
958 3891 975 3945 8
995 3893 1071 3961 equis
1087 3889 1109 3942 Il
1126 3908 1210 3961 equus
1225 3892 1256 3945 N

142 3981 211 4035 asini
232 3979 311 4035 c'GP
390 3981 538 4033 miscentur
556 3979 655 4046 scripsi
673 3981 837 4032 misceantur
857 3978 879 4031 ll
899 3980 1028 4034 miscetur
1046 3980 1077 4033 N
1147 3997 1209 4033 ncnc
1230 3980 1252 4032 ll

107 4087 171 4124 uera
190 4069 223 4123 N
291 4069 426 4122 adulteria
444 4069 476 4122 N
536 4067 754 4121 9collunioncn1
773 4067 832 4122 MS
848 4068 1008 4122 conluuione
1028 4075 1074 4122 cet.
1141 4070 1170 4122 11
1193 4087 1252 4137 pre·

104 4160 203 4212 tiosins
225 4157 248 4205 (’
267 4163 309 4222 (us
329 4158 359 4211 in
379 4158 446 4227 rao.)
547 4157 580 4210 15
600 4171 681 4208 uacus
703 4154 726 4205 (¹
745 4161 771 4209 r‘a
785 4173 830 4225 pr.
849 4158 880 4210 in
900 4162 967 4224 rac.)
1069 4158 1101 4212 16
1120 4156 1205 4210 fctunr
1224 4157 1255 4211 N

108 4247 138 4300 17
160 4247 249 4300 crenis
270 4243 292 4297 ll
314 4246 387 4299 exuis
407 4252 454 4300 cel.
510 4247 542 4300 21
565 4250 594 4298 tu
615 4261 629 4297 ο
652 4243 987 4315 destruemonemus·

1169 4352 1216 4407 10*
