2836 4822
180 390 245 457 452
671 389 867 444 Ambrosii

178 589 270 652 uelut
298 591 454 651 exsortem
481 586 750 650 inrationabilium
782 587 968 665 passionum
1000 588 1104 652 solnm
1138 588 1332 652 remansisse

180 713 251 758 cnm
286 695 363 758 suis.
393 695 441 758 sui
471 697 576 758 autern
607 698 683 757 sunt
709 712 806 776 purae
835 694 931 757 animi
960 693 1218 782 disceptationes,
1249 714 1331 778 quae
1388 713 1407 767 s,

179 801 291 865 uirtuti
322 801 520 865 adhaereant.
555 804 587 864 et
614 800 693 863 bene
718 789 836 864 addidit
860 801 892 864 in
917 819 989 865 arca
1010 801 1212 879 remansisse,
1238 804 1330 883 quasi

179 909 231 972 uix
256 907 404 971 credibile
424 908 598 988 amputatis
619 906 835 990 corporalibus
854 907 1055 989 passionibus
1074 908 1237 973 uideretur
1257 928 1329 972 enm

179 1014 280 1078 adbuc
305 1014 423 1079 uersari
448 1016 478 1078 in
503 1033 642 1097 corpore,
667 1033 740 1095 quo,
763 1014 841 1077 lieet
863 1015 926 1078 iam
949 1015 1082 1078 terrenis
1110 1019 1232 1079 careret
1260 1034 1332 1079 con·
1362 1040 1373 1078 s

179 1122 286 1204 tagus,
314 1123 528 1204 incorruptam
558 1121 644 1198 licet,
670 1121 809 1204 corporis
842 1123 948 1185 tamen
982 1122 1085 1186 adhuc
1117 1121 1331 1186 substantiam

179 1229 361 1292 rcsernabat
400 1232 431 1291 et
468 1231 560 1293 uelut
595 1229 800 1312 incorporeus
839 1229 870 1292 in
909 1247 1038 1311 corpore
1075 1230 1333 1310 superierebatur

180 1335 313 1411 diluuio,
350 1354 410 1399 non
443 1335 681 1409 absorbebatur,
718 1355 832 1418 corpus
866 1335 993 1417 quidem
1027 1355 1139 1419 gerens
1173 1336 1265 1419 qnasi
1298 1337 1331 1400 in

179 1461 268 1505 arcae
306 1441 430 1523 positus
467 1443 601 1519 interno,
632 1443 687 1506 sed
726 1443 778 1525 qni
818 1462 932 1524 corpus
969 1443 1074 1526 ipsum
1107 1443 1332 1526 insuperabilis

179 1549 383 1633 passionibus
417 1551 506 1632 quasi
541 1552 744 1632 incorporeus
778 1551 808 1615 in
846 1549 950 1614 medio
988 1553 1148 1614 tantorum
1182 1554 1330 1615 motuum
1351 1559 1409 1612 rol

182 1659 383 1739 gubernaret.

70 1764 179 1846 lanc
226 1766 375 1829 Memor
398 1764 479 1829 fuit
503 1764 689 1829 dominus
713 1764 795 1829 Noe
821 1765 1106 1829 etbestiarum
1126 1764 1332 1828 etiamen-

182 1877 330 1950 torum,
364 1877 400 1935 ut
431 1872 535 1955 iuquit
564 1874 722 1953 scriptura
750 1871 867 1938 diuina.
900 1875 1071 1936 mouentur
1097 1871 1240 1954 plerique
1269 1892 1333 1954 qua

183 1998 276 2043 cansa
308 1999 367 2043 non
396 1978 508 2042 dixerit
532 1979 667 2061 scriptor
690 1978 774 2061 quod
799 1979 894 2042 etiarn
917 1979 1022 2044 uxoris
1047 1981 1079 2043 et
1101 1978 1238 2043 liliorum
1262 1979 1334 2044 Noe
1375 1997 1410 2049 aa:

183 2105 303 2150 memor
326 2084 387 2149 fuit
411 2085 499 2156 deus,
520 2104 592 2148 curn
612 2084 782 2149 bestiarum
803 2084 899 2148 fuerit
918 2087 948 2148 et
968 2085 1179 2149 iumentorum
1201 2104 1333 2149 memor.
1353 2105 1376 2144 n

185 2193 240 2256 sed
269 2212 341 2256 curn
370 2191 482 2255 dixerit
507 2192 590 2273 quod
614 2211 735 2256 memor
758 2191 826 2256 Noe
850 2192 956 2267 fuerit,
980 2193 1012 2256 in
1038 2195 1166 2256 anctore
1191 2199 1223 2256 et
1246 2211 1336 2274 prae-

186 2301 255 2363 sule
280 2299 393 2363 domns
421 2297 672 2362 necessitudines
701 2299 769 2362 eius
798 2298 937 2379 reliquas
967 2298 1202 2380 conprehendit.
1238 2300 1336 2363 simul

187 2405 317 2485 exprimi
341 2404 468 2467 uidetur
491 2404 618 2485 quidam
642 2404 835 2486 reliquarum
860 2423 1032 2469 consensus
1051 2405 1334 2470 necessitudinum.

187 2511 302 2575 etenim
327 2530 398 2574 cum
425 2530 533 2575 omues
564 2512 702 2575 inuicem
731 2513 792 2576 sibi
821 2512 883 2575 cari
912 2516 997 2589 sunt,
1029 2531 1092 2576 una
1124 2517 1173 2576 est
1206 2513 1334 2586 domus:

187 2638 259 2683 cum
299 2621 405 2681 antem
439 2618 628 2699 discrepant,
662 2622 847 2702 separantur
879 2623 911 2682 et
944 2619 1131 2683 scinduntur
1162 2619 1194 2682 in
1228 2622 1376 2703 pluresso

141 2728 146 2746 ‘
188 2725 308 2789 dorrros.
334 2723 389 2787 ubi
413 2741 486 2806 ergo
512 2724 637 2803 caritas,
661 2725 705 2789 ibi
731 2725 863 2789 senioris
887 2726 1023 2799 nomine,
1048 2725 1085 2790 de
1110 2746 1172 2807 quo
1195 2727 1335 2808 pendent

188 2831 294 2906 ceteri,
324 2829 436 2894 domus
465 2830 567 2895 omnis
595 2832 801 2915 significatur.
830 2836 867 2896 nt
899 2833 926 2896 si
959 2832 1030 2914 quis
1062 2833 1205 2897 arborem
1239 2834 1333 2910 dicat,
1392 2841 1408 2893 l}

188 2937 300 3018 utique
325 2937 551 3018 conprehendit
576 2941 608 3002 et
630 2957 744 3012 ramos,
770 2940 795 3002 si
820 2940 892 3020 quis
915 2957 1038 3002 ramum
1062 2940 1214 3017 nominet,
1239 2942 1334 3006 etiarn

186 3044 309 3107 frocus
344 3045 398 3126 qui
431 3045 460 3108 in
496 3065 531 3110 eo
567 3051 642 3109 srrnt
674 3046 791 3126 pariter
824 3065 885 3109 rino
919 3049 1014 3127 atque
1048 3046 1157 3111 eodem
1190 3065 1335 3112 sermone

121 3159 162 3222 57
189 3150 407 3231 conplectitur.
433 3172 491 3215 nec
514 3152 593 3216 illud
619 3152 756 3216 otiosum
784 3153 868 3234 quod
890 3153 991 3234 primo
1017 3153 1096 3217 dixit
1118 3153 1192 3235 quia
1215 3173 1337 3219 memor
1353 3173 1378 3211 τὸ

187 3257 248 3320 fnit
272 3258 349 3322 deus
368 3259 448 3337 Noe,
468 3258 580 3323 deinde
605 3258 790 3336 bestiarum,
813 3262 925 3340 postea
952 3259 1177 3337 iumentomm‚
1201 3260 1263 3326 boc
1288 3264 1337 3326 est

188 3383 244 3428 cur
267 3384 326 3428 non
352 3385 386 3428 ea
411 3366 581 3430 animantia
606 3385 686 3448 qnae
709 3366 836 3430 mitiora
859 3370 934 3431 sunt
955 3370 1030 3448 post
1054 3368 1212 3432 hominem
1236 3370 1336 3433 nomi-

280 3610 311 3662 12
331 3607 398 3662 Gen.
418 3609 443 3675 a,
464 3611 477 3662 1
498 3609 577 3662 Plrilo
598 3606 709 3673 Quaest.
730 3609 757 3662 Il
777 3610 812 3661 26
868 3611 902 3663 25
920 3609 1000 3662 Pnno
1020 3608 1130 3674 Quaest.
1150 3609 1178 3663 Il
1198 3611 1232 3664 27

223 3749 240 3801 2
259 3765 322 3801 suae
342 3749 369 3801 P
387 3749 406 3818 (i
425 3751 472 3801 aa?
490 3765 511 3801 a.
532 3753 575 3815 ac)
595 3748 620 3801 Τ
666 3750 681 3802 3
703 3747 779 3801 addit
797 3749 821 3802 Τ
892 3749 1024 3802 mansisse
1039 3749 1067 3802 B
1120 3751 1136 3803 5
1156 3749 1295 3803 uerberari
1310 3750 1337 3803 P

189 3836 233 3903 (be
253 3853 332 3892 eras..
352 3853 364 3888 s
383 3840 431 3888 ru?
452 3853 473 3890 s.
498 3853 511 3888 r
535 3838 596 3901 alt.)
622 3838 753 3891 reseruati
775 3837 798 3890 Ο
815 3839 944 3891 resemari
964 3838 1001 3891 M
1098 3837 1171 3906 qued
1194 3838 1338 3891 TDBcnr

188 3927 203 3978 7
222 3926 395 3994 incorporeus
417 3923 513 3977 T‘DN
530 3942 671 3993 corporeus
691 3931 737 3978 cet.
847 3929 876 3980 in
896 3944 946 3982 ont.
965 3927 1029 3981 DN
1119 3926 1136 3980 8
1156 3925 1261 3981 diluuio
1281 3946 1335 3981 non

187 4013 384 4067 absorbebatur
401 4012 502 4095 0an
555 4014 826 4080 retorqueo.)
894 4016 1024 4069 fluctuum
1045 4015 1072 4066 B
1124 4016 1156 4069 15
1174 4031 1279 4068 memor
1289 4033 1335 4084 pr.

187 4116 238 4154 om.
257 4100 378 4154 DNCM
448 4099 498 4154 dns
521 4101 676 4155 T'Dxt'CM
745 4119 847 4156 mernor
865 4106 893 4156 et
911 4104 1092 4157 inmeritomm
1111 4104 1137 4156 B
1230 4105 1265 4160 16
1284 4123 1337 4159 noo

186 4215 427 4269 memorDNCllI
492 4218 524 4270 21
546 4217 639 4271 domos
657 4219 685 4271 P
702 4218 728 4288 (o
749 4219 797 4272 alt.
818 4221 896 4289 exn)
965 4221 998 4273 22
1019 4185 1112 4285 domqs
1132 4219 1159 4271 P
1224 4221 1261 4274 27
1282 4239 1338 4276 non

187 4305 230 4373 ea]
248 4321 302 4357 non
319 4304 384 4358 'DN
398 4322 448 4359 noe
471 4305 529 4359 OM
