2836 4822
281 335 321 389 Da
341 333 407 390 Cain
427 338 455 388 et
474 333 542 387 Abel
560 334 588 387 II
606 337 631 398 6,
653 333 757 388 18-20
795 333 819 399 (Ι
838 334 890 386 211
909 332 1021 387 Ε-215
1041 333 1083 400 Ε).
1193 335 1260 399 395

110 532 251 593 uetera
274 534 457 594 ueterum
482 533 521 594 et
544 533 686 594 uetera
705 549 724 593 a
742 528 848 593 facie
868 547 1065 593 nouorum
1085 528 1258 593 auferte.

110 637 201 702 cibus
233 637 324 702 nobis
358 637 401 701 sit
433 637 572 722 cognitio
605 637 864 720 patriarcharum,
898 637 1045 719 epuletur
1071 636 1196 700 animus
1225 636 1257 700 in

109 743 333 826 prophetarum
376 743 516 818 <libris>
554 743 690 807 oracula.
733 742 790 806 tali
827 743 937 825 sagina
977 761 1067 807 mens
1108 747 1260 825 pascatur

110 849 249 927 interior,
283 849 339 915 sed
367 850 432 914 iam
459 869 519 914 non
549 850 672 931 species
702 849 775 933 agni
805 849 857 927 sit,
886 850 942 913 sed
969 849 1088 914 ueritas
1116 851 1257 933 corporis

79 956 238 1023 oCbristi.
277 976 337 1020 non
373 956 456 1041 legis
493 956 606 1021 umbra
642 957 855 1041 praestringat
895 958 1016 1033 oculos,
1057 955 1111 1020 sed
1150 962 1257 1038 aperte

110 1064 286 1128 dominicae
311 1063 414 1148 gratia
436 1063 603 1146 passionis,
628 1062 775 1146 splendor
793 1063 1032 1128 resurrectionis
1052 1062 1152 1126 aciem
1171 1082 1255 1127 men·

109 1171 152 1234 tis
176 1170 355 1234 inluminet.

13 1282 60 1342 2¹)
154 1275 189 1341 Si
217 1280 323 1341 autem
352 1277 463 1341 offeres
493 1276 683 1341 sacrificium
712 1276 749 1340 de
778 1276 950 1359 primitinis
982 1277 1107 1354 ouibus,
1140 1276 1305 1340 frixumc

109 1385 139 1446 in
159 1383 241 1466 igne,
261 1383 375 1447 frixum
398 1384 527 1468 pingue,
551 1382 662 1448 offeres
687 1382 876 1447 sacrificium
901 1383 1147 1466 primitiuorum‚
1172 1383 1257 1447 siout

63 1489 262 1571 rescriptum
287 1493 346 1566 est,
371 1490 457 1572 quod
480 1489 640 1574 significat
661 1489 767 1553 fidem·
781 1493 868 1554 tuam
893 1490 984 1554 uelut
1006 1490 1072 1574 igni
1090 1490 1254 1570 probatam

109 1615 178 1659 esse
198 1595 310 1660 debere
335 1601 368 1660 et
391 1598 501 1661 sancto
525 1596 698 1660 seruantem
724 1596 849 1679 spiritu.
874 1597 1008 1679 denique
1032 1596 1116 1662 coxit
1136 1597 1253 1660 lentem

107 1703 201 1768 Iacob
236 1706 267 1767 et
298 1703 387 1767 fratri
419 1703 574 1784 primatus
606 1703 837 1767 benedictionis
870 1703 997 1784 eripuit,
1030 1723 1110 1784 quos
1143 1704 1254 1785 utique

109 1810 211 1874 solida
246 1811 493 1890 consequeretur
527 1810 616 1874 tides.
656 1810 707 1874 hic
748 1829 822 1895 ergo
865 1811 1017 1875 robustus
1055 1812 1087 1874 et
1123 1809 1253 1874 uiuidus

109 1917 295 1999 augebatur,
319 1916 373 1981 ille
397 1919 502 1980 autom
528 1917 581 1998 qni
605 1917 711 1981 cibum
736 1936 829 1981 suum
850 1936 984 1999 coquere
1003 1917 1166 1981 nesciebat
1183 1918 1254 1981 fati-

64 2043 89 2082 rs
109 2028 203 2106 gatus
236 2028 330 2105 atquo
363 2021 510 2087 deficiens
539 2022 705 2088 defluebat.
737 2029 849 2088 uratur
875 2024 975 2107 igitur
1004 2024 1100 2088 uerbo
1134 2024 1253 2088 domini
1272 2036 1300 2088 1)

109 2128 193 2193 siout
214 2130 287 2212 igne
311 2129 413 2193 uirtus
438 2129 559 2193 animae
578 2132 662 2194 tuae.
686 2129 760 2194 uide
780 2132 888 2194 ustum
907 2131 1032 2213 loseph,
1052 2131 1138 2194 sicut
1156 2130 1253 2212 scrip-

108 2239 177 2301 tum
211 2240 274 2301 est:
309 2235 517 2317 eloquium
551 2235 702 2300 domini
733 2236 842 2300 ussit
870 2255 965 2300 eum.
995 2239 1152 2301 torreatur
1173 2235 1252 2302 fides

108 2346 164 2407 tua
191 2343 276 2407 sicut
304 2344 410 2424 spicae
438 2342 605 2418 messinm;
637 2346 712 2406 tuno
741 2343 823 2407 enim
852 2344 1068 2407 maturitatem
1090 2343 1252 2407 fructuum

108 2451 298 2533 praeferunt,
333 2469 404 2514 oum
438 2469 490 2514 eas
523 2450 625 2533 primo
659 2449 735 2515 solis
767 2470 918 2533 processu
950 2454 1093 2532 tempora
1130 2451 1254 2515 aestiua

61 2578 88 2616 ao
108 2557 285 2623 torruerint.
318 2576 420 2622 sermo
448 2557 547 2641 igitur
574 2557 732 2640 plurimus
760 2558 988 2641 scripturarum
1016 2557 1152 2622 animam
1181 2576 1253 2622 oon-

107 2664 212 2727 firmat
231 2667 263 2727 et
282 2663 418 2746 quodam
440 2664 592 2746 spiritalis
617 2667 736 2747 gratiae
760 2665 881 2730 colorat
904 2684 1030 2747 uapore,
1053 2665 1253 2730 rationabilia

108 2789 233 2852 qnoque
264 2771 396 2834 inuenta
423 2770 610 2835 conroboret
638 2771 849 2854 dissoluitque
879 2791 1003 2837 omnem
1031 2772 1098 2836 uim
1126 2772 1252 2836 inratio-

108 2877 260 2941 nabilium
275 2877 470 2960 passionum.
490 2877 623 2959 ideoque
643 2878 727 2942 Esau
745 2877 857 2943 laxatis
877 2878 1007 2942 uirtutis
1027 2898 1102 2943 suae
1122 2878 1252 2942 uteribus
1276 2887 1301 2941 R

108 2983 285 3048 dissolutus
314 2987 373 3060 est,
401 2985 451 3048 illi
479 2986 585 3047 autem
614 2984 668 3066 qui
697 2985 853 3049 succincti
879 2985 1006 3049 lumbos
1036 3005 1094 3050 non
1120 2985 1252 3049 crudum

60 3110 88 3149 ss
108 3108 209 3172 nequo
234 3094 359 3155 coctum
383 3091 415 3155 in
439 3110 529 3173 aqua,
555 3090 611 3153 sed
635 3094 777 3155 assatum
801 3092 832 3155 in
856 3091 921 3175 igni
946 3096 1043 3173 caput
1066 3091 1138 3175 agni
1162 3091 1253 3156 edere

107 3197 307 3271 iubebantur,
337 3197 422 3261 sicut
445 3198 542 3262 habes
567 3198 597 3262 in
622 3198 739 3276 Exodo,
764 3198 839 3263 forti
863 3216 898 3262 ao
922 3197 1008 3262 fideli
1032 3199 1137 3263 animo
1161 3198 1254 3282 pede-

197 3469 213 3520 5
236 3466 319 3521 Hebr.
345 3468 386 3532 10,
413 3470 425 3521 1
519 3469 535 3521 8
557 3469 637 3522 Pbilo
662 3468 695 3521 de
718 3485 785 3524 sacr.
810 3471 844 3522 23
869 3469 942 3536 (178,
966 3471 1015 3534 47;
1042 3469 1056 3522 I
1080 3471 1141 3530 235,
1166 3470 1182 3522 2
1211 3469 1253 3532 0.)

109 3557 140 3608 ll
162 3554 228 3611 Gen.
248 3557 291 3618 25,
311 3557 345 3609 29
363 3555 443 3609 Pbilo
463 3554 496 3609 de
515 3573 581 3609 saer
598 3558 633 3608 24
645 3557 718 3625 (179,
734 3559 762 3620 6;
778 3556 791 3608 Ι
806 3558 867 3620 235,
882 3559 915 3613 10
932 3558 972 3623 0.)
1017 3559 1049 3611 14
1069 3556 1135 3611 Gen.
1155 3558 1199 3622 25,
1219 3558 1255 3610 30

110 3645 142 3697 11
161 3644 261 3697 Psalm.
282 3643 361 3698 01111
381 3646 414 3698 19
469 3645 503 3698 26
522 3644 607 3698 Exod.
629 3646 670 3712 12,
690 3647 706 3698 9

144 3802 256 3856 alibris
276 3803 377 3857 addidi
484 3805 592 3858 oraculo
618 3804 641 3856 V
664 3805 779 3858 oraculis
803 3805 843 3858 ed.
862 3806 955 3858 Paris.
976 3823 1002 3859 o.
1023 3808 1100 3858 1569
1189 3808 1254 3859 bot

108 3892 236 3961 splendor
254 3892 281 3944 B
373 3893 402 3946 ll
423 3892 575 3946 terrentem
593 3893 630 3946 M
647 3893 770 3947 seruante
789 3894 853 3946 Μ’
872 3894 976 3948 feruere
996 3901 1042 3947 cet,
1136 3895 1252 3948 130011-

108 3985 255 4048 sequantur
273 3980 309 4033 Μ
327 3984 506 4050 consequetur
525 3983 588 4034 AA¹
673 3984 799 4036 robustus
819 3983 846 4034 B
864 3982 961 4036 rubeus
979 3983 1109 4038 Moacco.
1129 3986 1210 4037 9549
1228 3988 1253 4036 et

109 4072 204 4122 11399
222 4069 305 4124 rubus
325 4075 371 4122 cet.
429 4071 460 4123 14
481 4071 659 4139 fatigatusB
677 4070 809 4139 fatigatus
829 4075 918 4124 autem
939 4077 986 4125 cet.
1052 4072 1085 4126 16
1104 4072 1205 4125 iustum
1231 4072 1256 4124 V

108 4159 127 4224 qi
147 4168 227 4221 eros.)
284 4159 318 4211 20
336 4161 492 4211 torruerunt
511 4159 538 4211 P
557 4160 622 4217 l-int
641 4162 697 4223 1712)
717 4159 751 4211 Ρ4
806 4160 840 4212 25
860 4160 922 4229 igne
936 4160 963 4212 B
982 4166 1006 4213 et
1027 4161 1046 4225 (i
1064 4177 1085 4214 a.
1106 4177 1120 4213 e
1139 4161 1196 4230 m2)
1210 4160 1253 4213 Μ’

144 4247 207 4315 agni
227 4251 308 4316 caput
326 4248 354 4299 B
