2836 4822
169 331 233 392 354
645 326 839 379 Ambrosii

169 523 290 604 poris.
320 524 397 586 beno
426 522 455 585 in
484 523 656 597 momento,
687 520 760 602 quia
790 520 939 584 diuturna
972 539 1041 584 esse
1076 540 1136 584 non
1170 523 1318 602 possunt.

170 630 334 709 paululum
367 630 505 708 expecta,
535 631 567 691 et
596 628 658 691 cito
687 628 861 691 transcunt.
890 627 997 707 itaque
1026 625 1081 708 qui
1104 628 1258 690 secuntur
1282 645 1319 689 ea

170 736 200 798 iu
226 739 332 799 monte
362 736 423 799 sibi
453 734 611 809 uidentur,
642 734 697 797 sed
726 754 785 799 non
815 736 891 797 sunt
918 733 1073 816 perpetui,
1104 733 1188 796 siout
1217 732 1318 797 hahes

171 843 341 922 scriptum:
368 841 453 904 nidi
479 842 645 922 impium
671 841 1022 926 superexaltatum
1047 843 1085 904 et
1108 839 1316 904 elenatum
1364 851 1409 902 lar

171 968 292 1030 super
330 948 498 1012 caedros
536 948 696 1010 Libani:
736 951 774 1011 et
811 947 1003 1021 transiui,
1045 951 1083 1010 et
1116 966 1207 1010 ecce
1242 966 1316 1010 non
1351 971 1363 1007 a

171 1058 266 1118 erat.
306 1055 360 1117 sed
395 1055 447 1135 qui
481 1055 608 1118 maximi
641 1074 676 1118 ea
708 1054 786 1117 facit
819 1054 946 1117 adorare
979 1054 1106 1117 uidetur
1142 1053 1317 1127 diabolum,

172 1161 263 1225 cuius
289 1162 386 1224 deus
409 1166 552 1224 uenter
571 1165 633 1225 ost
653 1165 691 1224 et
710 1161 747 1224 in
767 1161 969 1244 pudendis
991 1161 1133 1243 gloria.
1153 1165 1188 1224 tu
1208 1163 1317 1224 autem

171 1268 200 1330 in
227 1268 284 1330 deo
309 1268 441 1350 gloriam
468 1287 592 1348 quaere,
613 1268 667 1348 qui
687 1267 744 1331 tibi
766 1268 823 1331 ait:
849 1267 1049 1331 dominum
1071 1265 1181 1330 deum
1203 1270 1316 1331 tuum

171 1374 364 1437 adorabis
397 1378 435 1436 et
466 1375 545 1454 ipsi
578 1375 657 1437 soli
690 1375 860 1451 seruies,
886 1393 901 1436 a
928 1393 989 1455 quo
1015 1377 1138 1437 aeterna
1168 1373 1318 1454 accipias.

172 1500 230 1543 non
257 1481 452 1561 ternporalia.
1339 1504 1361 1542 ro

119 1587 158 1648 17
216 1587 332 1650 Tamen
368 1587 393 1650 si
428 1607 522 1668 quem
556 1587 651 1649 etiam
685 1586 747 1650 ista
779 1586 947 1664 delectant,
982 1587 1019 1650 ab
1054 1607 1089 1651 eo
1122 1585 1318 1650 moderatius

171 1696 319 1773 petantur
348 1693 400 1774 qui
430 1712 523 1756 uerus
554 1694 694 1757 omnium
718 1694 788 1757 fons
813 1698 871 1757 est.
902 1712 972 1757 narn
999 1697 1030 1756 et
1053 1693 1122 1776 ipsa
1144 1691 1319 1774 peculiaria

171 1820 250 1882 qrrao
284 1800 446 1881 possidere
476 1800 536 1863 sihi
566 1801 692 1863 uidetur
720 1799 864 1865 diabolus
894 1800 996 1863 aliena
1024 1803 1108 1876 sunt,
1137 1800 1223 1863 sicut
1250 1799 1318 1882 ipse
1377 1808 1395 1858 Β

171 1907 262 1969 dixit:
287 1906 366 1969 tihi
391 1906 490 1971 daho
516 1909 766 1988 potestatem
792 1907 891 1970 hauc
915 1907 1150 1970 uniuersam
1175 1908 1214 1969 et
1238 1907 1318 1989 glo-

171 2013 267 2076 riam
304 2013 485 2088 illorum,
519 2013 614 2096 quia
647 2013 745 2077 mihi
778 2012 932 2077 tradita
966 2018 1069 2078 sunt.
1103 2014 1141 2077 ab
1176 2033 1212 2078 eo
1244 2034 1361 2098 ergon

171 2140 272 2201 spera,
311 2120 387 2185 licet
414 2120 520 2184 breuis
552 2121 638 2184 uitae
666 2141 726 2185 non
757 2121 800 2184 sit
827 2121 958 2203 longum
983 2119 1137 2184 uiaticum
1160 2121 1319 2202 requiren-

172 2226 256 2303 dum,
288 2231 393 2289 tamen
423 2228 460 2290 ah
491 2247 526 2291 eo
558 2247 649 2310 spera
679 2228 731 2308 qui
762 2227 943 2291 uniuersam
969 2231 1142 2290 creaturam
1166 2227 1318 2303 condidit,

172 2332 224 2412 qui
254 2333 379 2398 diaholo
410 2353 445 2397 ea
473 2334 512 2397 ad
540 2337 666 2416 tempus
697 2334 836 2410 tradidit,
862 2353 923 2398 non
947 2338 983 2397 ut
1006 2334 1178 2415 possideat,
1204 2335 1259 2398 sed
1284 2341 1320 2399 ut

171 2441 321 2521 temptet3
352 2458 410 2503 uon
441 2440 523 2504 enim
552 2444 677 2521 poterat
706 2461 819 2504 corona
848 2460 918 2504 osse
947 2441 1015 2504 siue
1044 2441 1225 2505 certamine.
1250 2462 1320 2522 pro·

120 2545 264 2618 rsshandi
290 2550 377 2609 eraut
401 2547 500 2623 dubii,
525 2550 562 2610 ut
584 2547 662 2611 iusti
687 2550 920 2612 coronarentur.
950 2547 1037 2610 dedit
1059 2548 1167 2628 itaque
1191 2547 1319 2613 diaholo
1339 2567 1363 2604 ao

172 2671 217 2728 ea,
252 2653 325 2734 quia
357 2653 388 2716 in
422 2653 471 2718 his
504 2654 582 2735 ipsis
616 2672 717 2736 poena
751 2654 935 2734 accipientis
965 2659 1022 2730 est,
1055 2655 1081 2717 si
1110 2655 1158 2718 uti
1185 2655 1318 2721 nesciat.
1381 2669 1398 2719 r

172 2759 247 2838 quid
282 2764 330 2822 est
363 2761 445 2823 eninr
480 2761 669 2824 thensaurus
697 2760 858 2824 luxurioso
888 2760 949 2824 nisi
979 2766 1127 2844 sumptus
1155 2762 1320 2828 luxuriae?

173 2867 229 2929 sed
257 2887 317 2931 non
348 2868 540 2941 luxuriosus,
571 2867 626 2931 sed
654 2868 736 2952 frugi
766 2868 926 2950 probatur.
957 2876 987 2932 et
1017 2868 1086 2932 ideo
1115 2871 1204 2932 utere
1229 2869 1320 2951 quasi

170 2974 256 3057 frugi
272 2974 321 3037 his
341 2994 420 3056 quae
441 2975 497 3038 tihi
518 2974 729 3056 adponuntur,
750 2978 864 3038 utnon
886 2994 958 3037 cum
976 2975 1150 3038 manducas
1168 2976 1319 3052 multum,

173 3080 301 3144 odibilis
337 3082 408 3156 fias;
443 3081 618 3164 uigiliae
653 3082 735 3146 enim
769 3087 808 3145 et
840 3084 1041 3146 tormenta
1078 3081 1165 3145 uiro
1205 3082 1318 3145 edaci
1339 3100 1364 3137 ‘2⁵

172 3190 203 3249 et
228 3187 321 3251 infra:
348 3188 379 3250 si
406 3193 575 3253 coactus
600 3189 730 3252 fueris
756 3189 792 3252 in
815 3188 976 3253 edendo.
998 3207 1118 3272 surge
1138 3191 1318 3263 etuoma

172 3296 211 3355 et
239 3294 511 3376 refrigerabit
539 3298 577 3357 te
607 3300 643 3358 et-
671 3315 744 3358 non
775 3294 951 3358 adduces
981 3294 1142 3374 corpori
1173 3297 1242 3358 tuo
1269 3295 1318 3358 in·

260 3483 395 3536 4Psahn.
415 3483 527 3536 xxxi-‘1
548 3485 581 3537 35
602 3501 641 3551 sq.
700 3487 713 3536 7
734 3484 852 3554 Philipp.
874 3485 898 3544 3,
920 3485 952 3537 19
1002 3484 1018 3535 8
1037 3483 1134 3537 Marah.
1153 3485 1179 3545 4,
1201 3483 1235 3536 lo
1254 3484 1316 3538 Luc.

170 3571 231 3632 4,8
302 3573 334 3623 14
354 3571 451 3624 hiarth,
471 3570 615 3633 4,9Luc.
635 3574 696 3632 4,6
775 3574 807 3625 19
827 3572 855 3624 ll
874 3572 941 3624 Tim.
962 3573 1022 3634 25
1096 3573 1129 3625 25
1150 3570 1201 3627 Sir.
1221 3572 1264 3628 34.
1286 3574 1319 3623 20

169 3659 225 3727 (31,
246 3660 291 3728 23)
346 3661 380 3712 26
401 3661 451 3713 Sir.
472 3661 514 3714 34.
534 3661 567 3713 21
590 3660 643 3724 (31,
665 3659 710 3725 25)

210 3786 220 3837 1
242 3802 295 3837 non
315 3790 429 3855 possunt
451 3784 477 3837 V
494 3794 558 3851 (noa
579 3802 641 3854 poss
661 3801 694 3838 er
712 3786 812 3855 nequo)
862 3786 878 3839 2
898 3790 1048 3855 sequuntur
1067 3783 1100 3839 1²¹
1151 3785 1241 3839 asini
1261 3801 1319 3839 esse

172 3873 240 3941 (osso
260 3890 280 3926 a.
300 3889 327 3926 u.
342 3876 399 3940 arr-2)
420 3873 442 3927 S
531 3876 547 3926 5
568 3891 663 3943 supnra
683 3875 706 3927 S
724 3879 749 3939 (a
768 3891 788 3929 a.
808 3878 847 3938 u.)
868 3892 948 3944 supra
966 3873 1090 3927 AA‘BV
1168 3873 1281 3927 caedros
1301 3874 1323 3928 S

170 3961 263 4014 cedros
279 3968 325 4015 eet.
377 3961 570 4015 6ma1inrihi
588 3964 700 4015 marinio
721 3969 767 4017 cet.
822 3965 947 4016 iuester
961 3963 997 4017 Μ
1014 3967 1042 4027 (n
1062 3980 1082 4016 s.
1103 3966 1127 4029 s)
1179 3963 1253 4017 silli
1267 3964 1323 4017 BP

172 4049 205 4102 12
225 4053 354 4117 potantur
372 4050 486 4104 Monac.
507 4053 604 4105 14399
627 4051 745 4107 Uiarloh.
769 4056 828 4106 758
847 4055 976 4121 petuntur
994 4058 1041 4106 ert.
1132 4051 1283 4120 peculiaria
1305 4071 1322 4103 α

170 4138 326 4205 pecuniaria
346 4139 411 4191 libri
474 4141 505 4191 la
526 4156 616 4194 eorum
635 4141 662 4194 B
724 4142 757 4194 22
777 4141 920 4194 thesaurus
941 4141 1006 4193 libri
1064 4141 1098 4194 23
1117 4139 1269 4194 luxoriosos
1290 4142 1325 4194 h!

171 4234 198 4278 lv
217 4242 238 4278 a.
259 4243 274 4277 o
294 4229 365 4285 terti

358 4288 361 4295 ι
