2836 4822
176 345 240 409 372
654 341 851 395 Ambrosii

177 537 244 601 cuit
267 537 375 619 patris,
401 537 454 619 qui
478 537 560 601 bona
583 537 707 600 nouerit
730 537 814 612 dare,
838 540 876 601 ut
898 556 978 619 quae
1001 536 1083 601 bona
1107 539 1182 601 suut
1201 556 1219 597 a
1238 535 1326 598 bono
1387 535 1404 590 G

176 663 301 727 poscas,
336 649 367 708 et
398 644 528 726 inpense
562 648 594 708 et
624 644 804 727 frequenter
835 644 959 708 monuit
990 643 1152 719 orandum,
1186 661 1248 706 non
1288 645 1327 705 ut

176 751 345 815 fastidiosa
375 751 577 815 continuetur
608 751 719 828 oratio,
752 751 808 815 sed
841 750 975 816 adsidua
1000 752 1189 832 frequenter.
1224 750 1327 814 offun-

178 858 297 921 duntur·
319 859 504 941 plerumque
528 857 633 921 inania
655 860 767 942 longae
790 858 974 940 precationi,
995 858 1197 922 intermissae
1216 858 1325 920 antem

178 984 306 1047 prorsus
340 964 465 1047 obrepit
495 965 626 1030 incuria.
656 965 766 1029 deiude
794 969 912 1043 mouet,
941 968 978 1029 ut
1005 985 1077 1030 cunr
1105 965 1173 1046 ipse
1197 962 1325 1027 neniam
1356 984 1368 1023 e

177 1072 237 1136 tibi
260 1071 377 1153 poscis,
402 1074 471 1135 tum
500 1071 634 1135 maxime
664 1072 733 1136 aliis
762 1072 958 1155 largiendam
991 1072 1128 1148 noueris,
1162 1089 1224 1153 quo
1257 1088 1326 1151 pre·

179 1198 247 1243 cem
269 1182 358 1243 tuam
383 1179 485 1260 operis
510 1178 557 1242 tui
582 1197 660 1242 uoce
680 1179 879 1244 conmendes.
904 1180 1069 1262 spostolus
1088 1197 1213 1261 quoque
1232 1177 1327 1241 docet

180 1284 329 1350 orandum
369 1285 435 1348 sine
472 1285 517 1348 ira
554 1290 587 1350 et
624 1286 863 1368 disceptatione,
903 1289 940 1350 ut
976 1305 1036 1351 uon
1067 1285 1225 1361 turbetur,
1263 1304 1325 1349 non
1385 1293 1406 1344 D

179 1393 386 1475 interpoletur
418 1392 516 1457 oratio
550 1396 615 1456 tua.
645 1393 738 1457 docet
765 1394 860 1458 etiam
889 1393 1040 1457 orandum
1068 1393 1100 1456 in
1129 1392 1214 1457 omni
1241 1391 1325 1466 loco,

181 1520 254 1564 cunr
284 1499 425 1563 saluatur
454 1499 551 1563 dicat:
582 1500 681 1563 intra
710 1501 744 1563 in
771 1500 989 1564 cubiculum
1014 1503 1129 1563 tuum.
1154 1498 1211 1563 sed
1234 1497 1326 1562 intel·
1347 1518 1369 1554 ιο

180 1607 250 1690 lege
280 1624 339 1669 uon
368 1606 552 1670 cubiculum
581 1607 765 1671 conclusum
794 1607 979 1689 parietibus,
1008 1626 1069 1688 quo
1099 1609 1155 1670 tua
1186 1605 1328 1669 membra

182 1713 380 1788 claudantur,
406 1713 461 1777 sed
486 1714 670 1777 cubiculum
694 1714 779 1796 quod
801 1714 831 1778 iu
857 1718 888 1777 te
909 1716 968 1788 est,
987 1714 1019 1777 in
1039 1732 1100 1796 quo
1118 1712 1328 1776 includuntur

182 1819 391 1904 cogitationes
415 1822 499 1896 tuae,
524 1820 556 1883 iu
581 1840 641 1902 quo
666 1825 835 1885 uersentur
862 1841 975 1885 sensus
1003 1820 1060 1884 tui.
1090 1820 1150 1883 hoc
1177 1817 1327 1884 orationis

182 1930 256 1990 tuae
272 1926 456 1992 cubiculum
471 1927 589 2008 ubique
604 1932 710 1991 tecum
726 1931 822 1992 estet
841 1927 958 2010 ubique
978 1932 1136 1992 secretum
1155 1928 1215 2004 est,
1237 1925 1327 1989 cuius

116 2041 158 2104 39
183 2033 298 2097 arbiter
322 2032 429 2097 nullus
460 2037 509 2097 est
535 2034 597 2097 nisi
626 2036 714 2098 solus
739 2035 828 2099 deus.
853 2033 1004 2099 orandum
1030 2038 1136 2098 autem
1159 2032 1328 2114 praecipue
1348 2049 1370 2088 ιε

184 2141 215 2202 et
238 2159 293 2220 pro
318 2141 436 2222 populo
456 2140 589 2217 doceris,
610 2142 669 2205 hoc
694 2145 743 2205 θεῖ
765 2162 820 2223 pro
845 2144 912 2206 toto
938 2160 1076 2225 corpore,
1096 2160 1151 2223 pro
1175 2137 1328 2203 membris
1384 2144 1402 2198 ll

184 2246 330 2309 omuibus
360 2247 470 2311 ruatris
498 2250 583 2324 tuae,
607 2247 638 2310 iu
663 2267 724 2330 quo
749 2252 878 2312 mutuae
903 2248 1044 2313 caritatis
1068 2247 1191 2330 insigne
1215 2249 1277 2310 θεῖ.
1301 2243 1328 2308 si

184 2351 267 2415 euim
300 2371 356 2432 pro
390 2356 420 2416 te
451 2372 556 2437 rogeo,
584 2353 803 2418 tantummodo
833 2374 887 2436 pro
921 2358 953 2418 te
981 2352 1118 2439 rogabis,
1153 2357 1184 2416 θῖ
1217 2352 1245 2415 si
1273 2369 1329 2434 pro

185 2476 218 2521 se
241 2461 365 2521 tanturn
395 2459 514 2541 singuli
538 2464 636 2537 orent,
662 2460 762 2524 minor
789 2462 962 2543 precatoris
987 2479 1082 2543 quam
1105 2457 1330 2523 intercedentis

185 2567 234 2629 est
258 2565 374 2647 gratim
399 2586 482 2630 nuno
506 2569 613 2631 autern
637 2569 710 2650 quia
735 2566 1371 2653 singuli01·antpr00n1nibus,etiamu

186 2690 293 2735 ornnes
323 2677 413 2735 orant
440 2691 496 2753 pro
530 2673 678 2756 siugulis.
713 2694 786 2757 ergo
820 2679 857 2739 ut
890 2674 1129 2751 concludamus,
1158 2674 1186 2737 si
1213 2692 1271 2755 pro
1299 2676 1331 2736 te

186 2797 277 2861 roges
314 2782 447 2857 tanturn,
480 2779 578 2858 solus,
611 2786 648 2844 ut
682 2781 829 2855 diximus,
863 2801 918 2863 pro
947 2785 978 2845 te
1007 2781 1145 2864 rogabis
1171 2779 1199 2844 si
1223 2782 1330 2843 autem

184 2903 240 2964 pro
270 2885 415 2949 omuibus
444 2905 548 2969 roges
578 2905 687 2950 omues
716 2908 770 2969 pro
799 2892 830 2951 te
853 2888 1019 2971 rogabunt,
1049 2885 1205 2968 siquidem
1235 2888 1269 2949 et
1295 2888 1330 2949 tu

185 2992 215 3054 iu
249 2992 395 3055 omuibus
430 3011 473 3055 es.
507 2992 551 3055 ita
583 3012 699 3076 magua
731 2994 941 3058 remuneratio
975 2996 1034 3071 est,
1068 2998 1104 3056 ut
1136 2991 1332 3057 orationibus
1390 2999 1408 3053 F

186 3098 386 3180 singulorum
410 3098 616 3181 adquiruntur
639 3101 775 3183 singulis
794 3101 894 3164 totius
914 3101 1017 3184 plebis
1037 3099 1196 3183 suffragia.
1215 3099 1248 3162 in
1270 3117 1331 3181 quo
1350 3119 1375 3159 as

187 3204 371 3288 adrogantia
394 3207 491 3283 nulla,
517 3206 571 3269 sed
600 3207 765 3271 humilitas
793 3208 893 3271 maior
920 3212 969 3273 est
992 3212 1024 3273 et
1046 3208 1171 3272 fructus
1194 3206 1332 3270 uberior.

54 3323 162 3405 10‚40
232 3311 294 3376 Sed
316 3313 378 3376 iarn
403 3316 529 3394 tempus
554 3315 603 3376 est
626 3314 687 3377 alio
709 3315 851 3392 transire,
872 3315 1020 3397 quoniam
1042 3315 1078 3379 de
1099 3333 1134 3378 eo
1155 3313 1240 3395 quod
1260 3316 1334 3394 post
1392 3328 1414 3382 al

187 3419 254 3483 dies
280 3419 397 3501 optulit
421 3419 497 3485 Cain
521 3420 612 3501 plene
637 3419 772 3484 diximus
797 3420 898 3485 fastus
919 3441 989 3486 esse
1008 3421 1160 3486 indicium
1181 3421 1334 3505 resupini,

279 3610 494 3674 lliuc.11,13
537 3610 670 3665 aMatth.
691 3612 733 3674 26,
752 3614 784 3665 41
831 3615 963 3668 oblatu.
986 3615 1027 3679 18,
1047 3616 1153 3669 33—35
1197 3615 1334 3672 71Tim.

189 3699 249 3760 28
308 3698 538 3759 nullatanus
596 3698 889 3770 lbl'l'irrr.2,lsq.

225 3824 241 3875 ‘d
261 3839 354 3892 pascus
373 3820 450 3873 MM‘
496 3823 512 3875 3
533 3822 706 3876 effunduntur
725 3824 801 3877 Son?
820 3825 991 3880 offenduntur
1009 3827 1103 3880 BP‘V
1145 3830 1161 3880 5
1180 3828 1284 3899 inrepit
1300 3828 1339 3882 M

191 3911 223 3964 12
243 3913 611 3966 intratoMcnuc.14399
676 3916 708 3967 13
727 3917 790 3967 tuae
810 3930 860 3968 om.
886 3916 912 3968 V
965 3917 998 3970 14
1017 3917 1117 3986 ubique
1132 3917 1190 3986 pn]
1211 3919 1337 3972 ubicum-

190 4002 295 4069 queM
368 4003 399 4054 17
420 4006 462 4054 est
480 4002 633 4070 iusigneB
707 4004 740 4056 19
759 4004 877 4072 postoris
902 4005 1071 4060 lecnacc.
1092 4008 1338 4063 2549et14399

190 4088 401 4143 Aurelianensis
426 4094 464 4143 33
486 4092 636 4160 peccatoris
660 4099 707 4146 cet.
803 4093 838 4146 28
863 4096 963 4163 optulit
986 4093 1138 4149 SAA‘P‘V
1159 4095 1264 4150 obtulit
1287 4105 1338 4152 cet.

225 4178 312 4231 laetus
332 4194 390 4231 esse
409 4179 529 4232 SMAA⁴
548 4180 636 4234 sactus
656 4185 697 4234 ost
717 4182 804 4233 BPP'
824 4182 897 4236 factu
913 4183 1007 4236 estM‘
1025 4184 1097 4238 sueta
1116 4188 1158 4237 est
1177 4183 1201 4238 V
1294 4187 1339 4240 iu·

191 4265 290 4318 dicium
309 4268 466 4336 resupinata
480 4268 554 4322 Vm!
567 4268 630 4322 iude
650 4286 692 4323 res
708 4272 820 4338 opinata
835 4271 905 4324 Vua
