2836 4822
154 341 220 404 440
629 337 825 390 Ambrosii

153 534 237 615 quod
267 554 327 598 non
356 537 410 598 aut
439 535 545 615 plures
575 535 630 597 aut
657 533 823 615 pauciores
851 532 1030 613 interpositi
1055 532 1118 595 sint
1141 533 1221 609 dies,
1248 531 1306 596 sed

152 644 202 706 tot
227 645 304 723 quot
328 641 358 703 in
383 640 611 705 constitutione
635 639 746 704 mundi
769 641 904 703 fuerunt.
931 659 983 703 ser
1005 640 1087 702 enim
1108 639 1220 703 diebus
1241 642 1306 703 fac-

153 751 208 812 tus
237 751 286 812 est
314 747 463 823 muudus
497 748 669 830 septimo
698 746 760 811 die
789 746 1000 827 requieuit
1024 746 1121 809 deus
1147 746 1191 809 ab
1218 765 1305 828 ope·

153 855 268 918 ribus
297 854 393 917 suia.
423 874 485 935 quo
515 853 688 918 declarauit
715 853 832 917 iudicio
857 853 963 936 ipsum
988 871 1022 916 se
1046 870 1115 916 esse
1140 856 1306 916 auctorem

153 959 263 1023 mundi
288 963 383 1040 atque
408 959 533 1024 diluuii.
558 958 712 1022 mundum
736 962 864 1040 propter
887 957 1059 1022 bonitatem
1086 978 1177 1022 suam
1197 959 1304 1022 eondi—
1339 979 1352 1016 a

154 1066 211 1143 dit,
227 1065 385 1131 diluuium
404 1066 481 1130 fecit
500 1070 678 1131 nostrorum
698 1065 811 1130 merito
832 1066 1031 1130 delictorum.
1055 1065 1209 1129 admoniti
1229 1075 1307 1130 suut

153 1173 253 1257 igitur
284 1174 428 1238 hominos
461 1173 513 1237 uel
547 1193 583 1237 ex
616 1191 744 1237 numero
779 1172 911 1249 dierum,
945 1173 1060 1255 quibus
1089 1172 1227 1237 mundus
1255 1177 1306 1236 est
1368 1183 1388 1236 F

154 1281 313 1358 condituS,
339 1279 423 1362 quod
447 1280 641 1344 conditorem
667 1300 761 1343 suum
785 1299 845 1344 non
872 1279 1014 1344 lacrimis
1042 1280 1147 1344 solum
1176 1282 1209 1343 et
1235 1299 1306 1361 pre-

154 1387 286 1464 catione,
317 1387 373 1451 sed
401 1387 595 1451 correctione
625 1406 748 1451 morum
776 1385 978 1451 reconciliare
1012 1386 1192 1451 debuerant.
1228 1407 1305 1471 ergo

154 1493 294 1574 spatium
309 1492 396 1556 dedit
411 1491 450 1556 ad
469 1492 695 1573 paenitentiam
718 1491 864 1556 dominus
885 1492 987 1576 magis
1007 1493 1119 1557 uolens
1138 1493 1304 1576 ignoscere
1326 1514 1350 1550 ιο

154 1617 248 1680 quam
273 1599 394 1680 punire,
419 1601 456 1661 ut
479 1598 674 1663 imminentis
700 1597 814 1662 diluuii
839 1601 955 1663 terrore
980 1618 1152 1682 suspensos
1182 1600 1221 1663 ad
1250 1619 1304 1664 ue·

154 1706 238 1769 uiam
263 1709 390 1788 cogeret
414 1705 646 1787 postulandam,
672 1725 733 1786 quo
759 1706 834 1769 dum
853 1705 1028 1788 periculum
1047 1705 1172 1771 futurae
1192 1708 1305 1770 mortis

154 1813 350 1883 horrescunt,
375 1812 519 1892 inpietati
544 1816 638 1894 atque
663 1812 840 1876 iniustitiae
870 1813 1093 1878 renuntiarent.
1127 1812 1305 1877 secundum

154 1924 213 1995 est,
243 1923 279 1983 ut
307 1919 379 1983 hinc
410 1938 534 2001 quoque
564 1917 683 1982 domini
713 1938 808 2000 supra
836 1918 967 1982 modum
994 1919 1209 1983 misericordis
1242 1920 1305 1984 cle-

154 2027 305 2090 mentiam
335 2026 536 2108 colligamus,
567 2026 640 2107 quia
667 2025 842 2089 multorum
872 2044 1023 2089 annorum
1057 2025 1264 2090 offensionem
1288 2045 1305 2088 a
1327 2045 1352 2082 re

154 2132 382 2196 constitutione
406 2131 515 2195 mundi
535 2132 565 2195 in
585 2131 679 2195 finem
703 2150 804 2214 usque
829 2134 1021 2196 contractam
1046 2132 1156 2213 paucis
1181 2131 1304 2205 diebus,

156 2240 183 2302 si
215 2239 426 2322 paenituisset
463 2257 526 2314 eos,
560 2239 666 2302 uoluit
697 2238 845 2302 relaxare.
879 2241 929 2301 est
961 2238 1043 2303 enim
1075 2237 1152 2302 deus
1181 2239 1305 2321 peccati
1352 2242 1401 2294 244

155 2346 321 2423 inmemor,
356 2345 484 2408 uirtutis
517 2347 743 2423 remunerator,
777 2345 862 2410 sicut
894 2345 939 2407 ait
970 2345 1038 2427 ipse
1071 2344 1102 2407 in
1135 2345 1302 2427 propheta:

156 2471 228 2535 ego
259 2471 353 2528 sirm,
385 2471 456 2534 ego
482 2471 565 2515 sum
591 2452 657 2533 qui
682 2451 796 2515 deleo
820 2450 1069 2531 iniquitates
1095 2455 1133 2513 et
1156 2471 1303 2515 memor·

155 2577 230 2621 nou
256 2577 332 2623 ero.
362 2563 403 2621 tu
434 2562 565 2621 autem
595 2577 740 2623 memor
769 2561 855 2622 esto
890 2560 929 2621 et
961 2557 1205 2629 iudicenrur;
1240 2557 1352 2622 dico

156 2665 409 2747 iniquitates
434 2668 537 2741 tuas,
563 2667 605 2728 ut
628 2665 892 2729 iustificeris
927 2683 998 2728 cum
1024 2663 1107 2728 enim
1132 2663 1307 2728 aduerterit

156 2792 263 2835 ueram
288 2773 408 2836 animae
432 2772 571 2836 refusam
596 2791 666 2836 esse
693 2771 856 2850 uirtutem,
886 2775 1008 2835 tanturn
1039 2771 1067 2834 ei
1095 2771 1223 2836 honoris
1253 2771 1306 2835 ad·

157 2879 279 2956 tribuit,
309 2881 345 2942 ut
378 2898 438 2942 non
473 2881 578 2943 solum
612 2879 736 2942 ueniam
770 2879 967 2960 superiorum
1000 2878 1165 2961 indulgeat
1197 2897 1308 2960 pccca-

154 2989 272 3059 torum,
300 3005 409 3050 uerum
441 2985 536 3049 etiam
566 2985 699 3070 gratiam
729 2991 760 3050 et
787 2985 1031 3050 iustificationes
1063 2984 1222 3066 inpertiat.
1257 3003 1307 3048 er-

155 3093 297 3174 pectauit
318 3112 392 3177 ergo
413 3095 445 3156 et
465 3094 601 3174 septimo
622 3092 682 3170 die,
703 3093 772 3174 ipso
793 3111 854 3174 quo
875 3092 913 3156 ab
935 3092 1115 3173 operatione
1133 3090 1304 3172 requieuit
1324 3106 1351 3147 τὸ
1368 3086 1391 3139 Β

155 3202 192 3262 ut
216 3199 242 3262 si
268 3199 360 3262 uenia
379 3203 572 3280 posceretur,
593 3202 779 3280 sequeretur
798 3199 961 3275 correctio,
982 3202 1013 3262 et
1032 3198 1070 3261 ab
1089 3196 1307 3279 indignatione

156 3305 380 3386 requiesceret.

111 3413 155 3477 43
202 3410 286 3475 illud
316 3430 442 3492 quoque
471 3430 562 3475 curae
591 3411 653 3474 fuit
681 3430 741 3475 non
770 3411 1021 3493 praetermittere
1051 3430 1087 3475 eo
1117 3409 1201 3491 quod
1226 3409 1308 3472 dilu-

158 3517 247 3580 uium
287 3518 407 3581 sactum
446 3516 558 3580 dixerit
595 3516 868 3601 quadraginta
906 3516 1049 3580 diebus
1086 3519 1118 3580 et
1150 3514 1310 3579 addiderit

248 3742 264 3793 3
285 3737 352 3792 Gen.
372 3741 397 3803 2,
417 3739 433 3791 2
491 3739 522 3791 19
543 3737 614 3791 Esai.
635 3739 678 3800 43,
698 3741 732 3792 25
752 3756 792 3808 sq.
847 3741 882 3793 29
903 3739 969 3793 Gen.
990 3741 1015 3805 7,
1037 3741 1069 3793 la

196 3880 339 3934 reuoca
404 3880 554 3938 auream.
575 3882 601 3933 a
675 3868 816 3941 anien
837 3881 954 3950 eappa
1016 3880 1214 3936 retentant
1235 3884 1308 3954 1³(u

157 3970 189 4023 in
207 3974 276 4035 roe.)
333 3986 361 4021 sc
383 3985 433 4022 ora.
458 3970 513 4022 TN
555 3971 811 4041 8praecationc1’
860 3973 891 4024 14
912 3969 1090 4023 diaconali
1136 3973 1167 4024 17
1183 3972 1273 4025 uoluit
1288 3977 1312 4026 1²

159 4060 177 4125 (i
198 4075 231 4112 ecc
249 4059 277 4127 u)
334 4058 366 4111 18
388 4059 444 4127 ipse
465 4061 504 4112 ait
522 4060 554 4112 N
604 4062 635 4113 la
651 4061 700 4113 alr.
717 4078 767 4128 ego
783 4078 840 4113 sum
856 4059 949 4113 orrr.B
1022 4058 1159 4112 delcboB
1210 4061 1309 4115 alad-

157 4147 242 4201 uertit
261 4147 288 4198 B
343 4149 377 4200 22
398 4148 421 4199 ei
442 4148 469 4200 P
487 4150 506 4214 (i
527 4150 555 4202 iu
577 4167 632 4204 ras.
654 4153 712 4203 ecct
731 4153 788 4217 1122)
867 4149 977 4201 lionoris
999 4148 1018 4215 (i
1038 4154 1115 4214 ece)
1135 4149 1162 4202 P
1216 4151 1250 4204 29
1269 4168 1310 4219 aq.

160 4238 223 4292 ·XL·
244 4237 300 4290 PT
