2836 4822
156 319 220 384 284
629 312 826 371 Ambrosii

157 511 347 577 sententiam
380 513 515 596 spectat,
550 510 693 576 solutum
727 510 777 575 ost
814 511 899 594 quod
935 510 1096 576 mouebat.
1134 509 1190 575 sod
1228 509 1306 593 quia
1368 522 1394 576 1)

156 618 367 702 Symmachus
408 621 580 701 utrumque
622 616 827 702 singulariter
871 617 958 696 dixit,
1004 617 1222 702 intellegimus
1268 617 1304 681 id

157 729 315 801 secutum,
340 725 414 809 quia
436 726 469 789 in
492 725 563 810 lega
588 742 713 807 qnoque
738 744 811 789 cum
834 726 989 808 populum
1009 724 1192 807 adloquitur
1211 723 1303 799 deus,

158 831 362 916 singulariter
374 829 526 915 loquitur,
543 828 628 896 sicut
641 830 760 895 hahes:
779 830 884 907 endi,
904 830 1096 909 Istrahel,
1116 829 1304 894 dominus

158 938 256 1002 deus
285 942 381 1002 tuus
410 936 596 1002 dominus
625 956 727 1002 unus
756 940 819 1001 est
855 940 887 1000 et
915 936 1070 1021 diliges
1100 936 1302 1002 dominam
1336 958 1350 998 s

158 1046 270 1109 deum
300 1047 422 1109 tuum.
453 1062 510 1109 nec
539 1041 618 1108 mihi
645 1044 843 1126 praeiudicat
867 1042 1049 1126 Symmachi
1071 1043 1305 1126 interpretatio,

159 1151 214 1233 qui
237 1151 394 1214 unitatem
417 1151 516 1233 patris
542 1155 574 1214 et
597 1151 643 1215 fili
667 1150 775 1215 uidere
799 1170 860 1215 non
884 1150 1001 1233 potuit,
1026 1150 1088 1214 etsi
1110 1149 1305 1232 aliquotiens

157 1258 188 1322 in
215 1277 359 1322 sermone
384 1261 416 1321 et
438 1259 555 1341 Acyias
580 1259 612 1321 et
634 1257 703 1341 ipsa
728 1258 865 1322 confessi
891 1257 965 1323 sint.
989 1276 1046 1321 nec
1071 1257 1239 1340 quisquam
1265 1255 1304 1320 de

158 1383 195 1428 eo
220 1365 304 1447 quod
323 1365 614 1446 praeuaricaturum
632 1366 787 1447 populum
807 1364 915 1428 diuina
934 1365 1080 1428 mandata
1099 1363 1306 1448 singulariter
1374 1376 1397 1430 Ε

159 1471 340 1552 adloquitur
367 1475 458 1553 putet
486 1471 640 1553 superiori
668 1474 775 1536 nostro
805 1471 936 1535 obuium
964 1489 1035 1535 essa
1063 1471 1201 1535 sermoni
1228 1470 1305 1552 quia
1325 1492 1353 1531 ro

158 1579 296 1659 populus
316 1578 505 1642 Iudaeorum
524 1579 620 1642 ctiam
641 1578 844 1661 singulariter
863 1577 935 1642 data
948 1577 1142 1658 praescripta
1155 1576 1303 1641 uiolauit.

158 1682 207 1746 len
236 1685 319 1748 enim
348 1684 500 1767 spiritalis
530 1688 589 1759 est,
619 1687 651 1747 et
678 1685 749 1749 ideo
774 1686 908 1747 alterum
931 1684 962 1747 in
988 1702 1143 1762 sermone,
1167 1682 1305 1747 alterum

162 1789 194 1853 in
212 1791 498 1871 praedestinatione
519 1790 626 1855 diuino
645 1792 798 1874 populum
818 1790 896 1854 deus
917 1790 1146 1872 adloquebatur
1165 1791 1305 1856 oraculo.

163 1895 296 1978 denique
317 1897 379 1962 ait:
400 1918 473 1962 non
493 1917 674 1980 quoques
700 1917 812 1962 ouem
836 1897 873 1961 in
897 1897 1005 1961 lacte
1029 1897 1171 1961 matris
1196 1915 1305 1961 suae.

118 1995 160 2057 28
206 2002 322 2067 Facilis
357 2003 470 2068 abhinc
502 2007 741 2085 praeceptorum
775 2004 960 2068 caelestium
993 2004 1090 2067 series
1128 2002 1305 2081 uideretur,
1329 2024 1354 2065 rs

161 2109 222 2173 nisi
262 2110 479 2191 quaestionem
516 2111 645 2192 plurimi
683 2117 929 2187 commonerent,
968 2110 1084 2193 quibus
1120 2109 1308 2191 responderi
1375 2125 1396 2179 F

161 2218 286 2297 oportet
309 2236 327 2280 a
350 2217 452 2291 nobie,
478 2236 515 2280 ne
540 2216 702 2299 simplices
726 2220 847 2281 montes
867 2216 1028 2281 malitiosa
1045 2216 1308 2299 interpretatione

160 2323 374 2386 transducant.
412 2324 555 2405 plerique
593 2324 686 2400 enim,
725 2343 860 2404 quorum
897 2325 1008 2388 auctor
1045 2322 1184 2405 Apelles,
1219 2324 1310 2389 sicut

160 2428 257 2493 habes
295 2429 326 2493 iu
363 2428 524 2493 tricesimo
563 2432 595 2493 et
629 2433 742 2493 octauo
776 2432 862 2493 tomo
897 2429 976 2506 eius,
1010 2429 1067 2493 has
1101 2429 1309 2511 quaestiones

159 2539 357 2618 proponunt:
388 2537 546 2618 quomodo
574 2537 697 2619 lignum
726 2537 811 2600 uitae
844 2537 916 2618 plus
951 2536 1072 2617 operari
1104 2535 1234 2600 uidetur
1266 2537 1309 2601 ad
1328 2560 1355 2600 so

159 2642 258 2706 uitam
290 2661 383 2724 quarn
408 2643 580 2708 insufflatio
606 2643 681 2708 dei?
706 2643 838 2707 deinde:
863 2642 891 2706 si
914 2643 1076 2706 hominem
1100 2661 1160 2707 non
1184 2642 1310 2725 perfec·

159 2750 229 2811 tum
257 2749 335 2812 fecit
364 2750 452 2826 deus,
477 2750 698 2833 unusquisque
723 2753 831 2813 autern
855 2768 911 2832 per
933 2748 1122 2813 iudustriam
1145 2749 1309 2831 propriam

157 2856 384 2936 perlectionem
412 2856 473 2920 sihi
502 2856 633 2920 uirtutis
662 2856 824 2932 adsciscit,
853 2875 955 2920 nonne
984 2856 1112 2919 uidetur
1139 2856 1214 2937 plus
1242 2855 1309 2922 sihi

246 3082 364 3135 4Deut.
384 3084 408 3143 6,
428 3083 446 3135 4
500 3082 616 3137 5Deut.
636 3081 662 3144 6,
681 3082 698 3134 5
755 3081 788 3134 14
806 3080 890 3134 Exod.
910 3082 953 3145 34,
972 3081 1008 3134 26

192 3224 209 3277 2
229 3223 296 3276 dicit
313 3224 398 3277 SBP‘
470 3224 636 3293 eloquitur]
656 3223 814 3292 adloquitur
833 3222 916 3277 SBP‘
1026 3221 1127 3277 israhel
1144 3221 1236 3279 PRP'
1255 3224 1309 3279 isal

156 3317 203 3366 cet.
276 3315 292 3366 5
312 3312 437 3365 olorninus
456 3311 608 3375 PRVW,
628 3328 678 3366 aaa.
698 3312 741 3378 M,
761 3311 826 3365 daus
846 3319 893 3366 cet.
985 3311 1071 3367 tilii
1084 3310 1113 3368 R
1132 3312 1152 3377 ti
1167 3316 1228 3366 tert.
1238 3316 1308 3381 post

156 3401 234 3469 aad.)
254 3406 300 3457 cet.
338 3401 402 3455 aas
415 3417 461 3469 pr.
479 3418 500 3455 s.
519 3419 547 3455 u.
566 3402 600 3454 Ρ
657 3404 685 3454 et
703 3401 801 3471 heylas
820 3417 871 3455 om.
896 3401 928 3453 V‘
982 3400 1081 3471 heylas
1098 3401 1306 3470 compressatur

154 3490 182 3543 R
201 3489 336 3559 aquilaS
353 3494 428 3557 (post
448 3507 523 3558 apr.
543 3494 611 3555 rus.)
632 3495 688 3553 cet,
708 3491 743 3557 cf.
764 3489 902 3543 uersam
923 3492 948 3553 7,
972 3492 1054 3544 saer
1075 3492 1113 3544 63
1203 3490 1308 3544 sintP

154 3582 220 3631 sunt
238 3577 257 3647 (i
277 3595 297 3634 s.
318 3579 346 3648 u)
362 3577 391 3631 0⁴
412 3583 453 3632 est
466 3578 504 3632 M
521 3579 563 3635 tiro
581 3595 635 3646 quo
655 3578 804 3645 consessus)
825 3581 889 3632 sunt
906 3583 954 3634 cet.
1023 3579 1056 3633 10
1074 3580 1155 3649 putet
1173 3581 1202 3633 et
1214 3578 1254 3632 Μ
1267 3580 1306 3651 (st

155 3670 237 3731 eras.)
254 3667 289 3720 P*
363 3667 472 3720 obuium
491 3667 614 3721 PVMC¹
633 3668 798 3723 abutendum
818 3673 865 3721 cet.
939 3684 1089 3722 sermionem
1104 3666 1163 3723 MS
1179 3683 1306 3722 sermone

157 3756 186 3810 θ’
207 3762 232 3810 ct
251 3757 304 3819 (-ui
323 3773 392 3811 corr.
411 3761 467 3822 m2)
491 3757 547 3810 (Ψ
609 3757 638 3810 11
659 3756 809 3826 perscripta
827 3756 855 3810 R
911 3755 944 3808 12
962 3754 1103 3825 spiritalia]
1123 3753 1306 3825 scriptaRV‘

156 3875 189 3927 14
207 3839 290 3942 {ques
310 3876 334 3939 (c
349 3889 383 3926 ec:
397 3878 425 3942 q)
445 3872 478 3925 V‘
494 3889 591 3940 coquos
605 3872 733 3926 RMBV¹
806 3888 905 3939 agnum
920 3871 985 3926 RV‘
1042 3872 1074 3926 15
1094 3870 1202 3925 facilius
1215 3869 1306 3925 Pac·

189 3962 327 4014 uideretur
344 3960 382 4013 M
399 3962 438 4030 (re
457 3978 478 4014 s.
498 3965 537 4023 u.)
559 3959 667 4013 uidetur
685 3960 750 4015 RV‘
807 3961 839 4012 16
859 3960 1034 4029 quaestiones
1052 3958 1089 4011 Μ
1145 3959 1178 4012 17
1196 3958 1307 4030 simpli·

154 4050 192 4104 cis
206 4051 303 4103 insutis
319 4051 346 4105 R
360 4055 385 4103 ct
397 4051 445 4118 (·is
461 4050 502 4103 his
516 4067 548 4103 ex
564 4057 602 4103 asi
624 4049 656 4103 V‘
708 4050 740 4103 18
759 4049 922 4103 transducat
935 4048 964 4103 R
1031 4047 1134 4118 apelles
1146 4046 1307 4102 MSBOP‘

154 4140 268 4208 appellis
287 4140 314 4193 a
335 4140 430 4208 apellis
455 4138 486 4192 V‘
508 4139 693 4208 appellasset.
786 4140 818 4192 19
846 4137 1002 4192 tricensimo
1022 4136 1059 4189 Μ
1076 4136 1310 4193 tricentesimofl

190 4232 218 4279 et
236 4227 264 4279 in
283 4228 310 4282 R
385 4245 476 4280 ornnes
497 4233 561 4280 corte
579 4226 628 4280 has
649 4227 713 4280 adst.
734 4228 761 4280 B
834 4228 1007 4297 quaestiones
1027 4225 1079 4296 (ce
1098 4241 1131 4285 cn
1148 4224 1185 4278 ·ie
1202 4229 1263 4295 md)
1276 4226 1307 4285 R
